3240 5242
423 481 635 550 Numerosos
657 480 802 548 aliarum
824 479 1117 550 bibliothecarum
1143 484 1321 572 catalogos
1343 507 1365 551 a
1386 485 1488 553 nobis
1512 485 1568 552 in·

319 612 457 694 speotos
480 604 622 672 exhibet
641 603 778 693 Index).

423 727 709 818 ,Bibliographia
730 728 964 796 Bernardina“
990 729 1167 797 elaborata
1189 737 1243 797 est
1265 753 1307 798 eo
1330 730 1488 816 consilio,
1515 739 1567 818 ut,

318 851 487 938 quidquid
502 852 546 916 ad
562 849 734 917 editiones
750 872 894 938 operum
910 857 1014 938 atque
1037 852 1205 919 advitam
1231 860 1266 918 et
1282 853 1419 940 singula
1434 861 1514 919 cota
1530 853 1567 920 S.

316 975 486 1041 Bemardi
501 974 662 1062 pertinet,
675 974 751 1040 sive
765 996 871 1041 manu
885 975 1054 1063 scriptum
1068 976 1141 1042 sive
1153 975 1248 1063 typis
1260 975 1476 1063 impressum,
1490 975 1567 1041 sive

315 1095 457 1183 majoris
473 1096 547 1163 sive
559 1096 703 1164 minoris
718 1096 885 1163 momenti
897 1104 980 1180 erat,
998 1097 1295 1184 complecteretur.
1310 1098 1433 1183 Itaque
1445 1120 1566 1163 recen·

315 1220 403 1287 sitae
417 1228 499 1286 suut
514 1221 665 1287 editiones
687 1242 815 1303 opernm
839 1243 917 1286 oum
941 1219 1095 1285 omnium
1119 1227 1194 1285 tum
1216 1220 1431 1306 singulorum
1448 1227 1567 1286 -tam

316 1342 546 1429 genuinorum
561 1364 664 1427 quam
679 1341 948 1429 suppositorum
965 1364 1095 1427 eaeque
1110 1341 1237 1429 partim
1252 1341 1329 1407 fuse
1340 1343 1473 1429 partim·
1485 1342 1565 1409 bre·

315 1463 405 1529 viter
413 1463 624 1550 descriptae;
637 1485 741 1551 porro
752 1463 890 1530 illorum
898 1466 1055 1531 versiones
1066 1471 1169 1550 atque
1182 1463 1443 1531 dissertationes
1460 1466 1502 1530 de
1514 1466 1566 1530 la-

315 1584 467 1651 tinorum
482 1585 796 1672 translatorumque
810 1588 924 1664 indole,
942 1586 984 1650 de
997 1587 1141 1652 dodrino
1157 1586 1191 1652 S.
1204 1587 1373 1652 Bernardi
1389 1587 1565 1674 ejusdem-

314 1730 382 1793 que
396 1707 565 1774 relatione
579 1708 622 1773 ad
640 1709 754 1774 aliena
774 1708 947 1794 dogmata.
963 1710 1197 1774 Accesserant
1215 1710 1290 1774 libri
1303 1710 1564 1795 qualescunque

313 1832 459 1913 operibns
474 1833 609 1897 doctoris
630 1833 730 1898 nostri
741 1833 817 1914 plns
832 1834 974 1899 minasve
996 1832 1151 1897 adhibitis
1165 1833 1300 1909 exorati,
1323 1840 1362 1896 ut
1386 1840 1467 1897 sunt
1482 1832 1564 1898 libri

314 1952 589 2036 meditationum,
611 1952 860 2039 precationum,
877 1953 1084 2020 concionum
1104 1952 1242 2037 aliique,
1264 1952 1359 2018 illius
1382 1976 1509 2020 nomen
1524 1955 1563 2021 in

313 2074 428 2140 fronte
451 2080 622 2160 gerentes.
645 2073 736 2139 Dein
756 2074 959 2161 collegimus
980 2074 1055 2162 ejus
1078 2077 1181 2141 vitos:
1205 2075 1389 2156 majores-
1404 2076 1478 2141 scil.
1502 2079 1560 2142 vel

312 2196 444 2262 ambitu
469 2196 527 2262 vel
550 2196 699 2262 fontium
726 2220 792 2263 usu
817 2197 1026 2280 eminentes3
1048 2200 1184 2263 minores
1199 2196 1351 2263 -variis
1375 2197 1559 2265 hominum

311 2317 497 2404 generibus
513 2325 549 2383 et
562 2318 734 2384 aetatibus
750 2325 884 2406 aptatas
908 2321 1001 2386 etad
1017 2320 1094 2408 pios
1111 2342 1232 2385 sensus
1256 2320 1459 2387 excitandos
1483 2321 1560 2388 ido-

310 2462 404 2523 neas,
420 2438 698 2526 frequentissima
715 2441 841 2525 editas;
866 2443 971 2509 breves
985 2448 1015 2508 ei
1029 2443 1241 2520 brevissimas,
1257 2443 1376 2526 quales
1390 2441 1428 2507 in
1443 2444 1561 2528 legeu-

311 2563 425 2648 dariis,
438 2563 717 2652 encyolopaediis
729 2565 783 2652 (ut
791 2564 932 2649 vocant)
945 2571 981 2628 et
992 2562 1067 2651 ejus
1079 2564 1173 2629 modi
1187 2563 1349 2651 operibus
1362 2574 1561 2633 occurrunt.

311 2686 513 2774 Adjecimus
535 2686 653 2771 libros,
679 2686 804 2772 quibus
822 2687 1004 2769 sinpnlario
1023 2687 1179 2769 quaedam
1200 2685 1415 2751 alternaret·
1436 2693 1510 2754 oeta
1531 2695 1561 2755 ei

306 2815 395 2893 pessa
413 2815 631 2875 enarrantur:
655 2816 695 2874 ut
708 2830 771 2896 pro
787 2807 1033 2874 reformatione
1050 2807 1133 2873 oleri
1150 2815 1185 2872 et
1200 2807 1386 2873 saecularis
1404 2817 1439 2874 et
1454 2833 1557 2896 regu-

308 2931 389 2997 laris
402 2953 604 3017 morumque
619 2931 727 2997 totius
743 2930 864 3018 populi
880 2930 1133 3013 emendatione,
1146 2953 1208 3018 pro
1220 2930 1458 2997 vindicatione
1473 2932 1556 2997 fidei

309 3053 524 3121 orthodoxae
536 3060 658 3120 contra
670 3053 864 3120 haereticos
880 3063 916 3119 et
929 3053 1079 3119 nominis
1092 3053 1271 3119 christiani
1286 3054 1436 3120 tuitione
1452 3054 1558 3119 etiam

310 3183 442 3241 armata
468 3182 590 3242 contra
614 3175 773 3261 gentiles,
796 3198 860 3262 pro
882 3175 1084 3241 defensione
1112 3176 1204 3241 sedis
1230 3177 1409 3242 Romanae
1433 3184 1556 3241 contra

308 3298 549 3365 schismaticos
565 3298 720 3383 aliosque
732 3296 957 3382 adversarios,
975 3297 1104 3384 quippe
1120 3296 1246 3382 quibus
1258 3297 1442 3363 momentis
1458 3320 1553 3384 mag·

306 3443 390 3486 uum
413 3419 511 3485 illum
534 3419 647 3485 virum
670 3421 924 3505 coelestemque
947 3421 1100 3505 legatum
1126 3419 1228 3484 unice
1251 3419 1423 3485 intentum
1446 3421 1556 3485 fuisse

308 3564 484 3608 sermones
498 3542 583 3629 ejus,
599 3549 768 3608 tractatus
783 3549 819 3607 et
830 3541 998 3630 epistolae
1014 3549 1187 3607 testantur
1204 3543 1369 3627 variaque
1386 3564 1474 3627 quae
1499 3566 1555 3608 su·

305 3664 429 3731 stiuuit
444 3662 633 3729 certamina
655 3663 814 3751 probant.
830 3663 896 3728 His
912 3663 1131 3750 adjunximus
1155 3662 1289 3749 aliquot
1310 3667 1478 3746 scriptores
1504 3667 1552 3731 di-

306 3790 423 3855 storiae
444 3787 519 3853 sive
541 3785 757 3870 universalis,
780 3786 854 3852 sive
878 3786 986 3852 solius
1002 3786 1147 3870 Galliae,
1165 3787 1371 3852 Germaniae
1393 3794 1470 3869 etc,
1495 3787 1552 3872 qui

304 3910 398 3975 illius
416 3909 620 3976 relationem
640 3909 682 3974 ad
703 3931 826 3974 aevum
845 3931 945 3974 suum
965 3915 1154 3995 exponunt,
1180 3908 1387 3993 illorumque
1409 3909 1451 3973 de
1470 3909 1554 3975 Ber·

303 4032 412 4098 nardo
435 4032 540 4096 heroe
562 4038 597 4095 et
616 4032 812 4098 literatorum
827 4030 980 4095 virorum
1000 4032 1042 4095 de
1061 4030 1240 4096 Bernardo
1260 4038 1400 4096 auctore
1413 4031 1552 4111 jndicio.

304 4155 504 4240 Sequuntur
516 4152 627 4218 omnis
639 4153 776 4238 generis
784 4154 979 4237 panepyrici,
992 4174 1150 4218 sermone
1166 4153 1280 4217 soluto
1294 4151 1447 4237 ligatove
1461 4175 1553 4219 com-

302 4275 419 4361 positi,
439 4274 624 4362 praecipue
640 4275 750 4340 sacri:
773 4274 829 4340 vel
845 4296 865 4339 a
880 4273 1018 4361 templis
1037 4274 1073 4339 in
1090 4274 1216 4359 quibus
1235 4274 1480 4358 recitabantur,
1496 4275 1552 4341 vel

304 4397 347 4463 ab
371 4397 566 4463 oratoribus
591 4397 882 4483 eloquentissimis
906 4397 1030 4463 veleb
1054 4403 1258 4483 argumento
1282 4398 1462 4483 proposito
1482 4420 1551 4462 ma-

303 4518 411 4585 moria
425 4519 539 4605 digni,
557 4520 601 4584 ad
615 4542 702 4606 quos
718 4519 821 4585 etiam
837 4519 1012 4607 pertinent
1018 4542 1137 4602 mecm,
1153 4521 1296 4595 litaniae,
1312 4521 1429 4603 dymni,
1452 4523 1551 4586 octio-

301 4664 357 4709 nes
374 4644 514 4709 scenicae
532 4645 736 4726 musicaeque,
759 4641 867 4708 cultui
884 4639 954 4707 divi
972 4639 1108 4707 abbatis
1128 4641 1307 4707 dedicatae
1328 4663 1550 4729 summaeque
