3226 5234
54 861 111 935 De
132 861 383 936 editionibus
403 859 580 954 Operum
598 861 636 936 S.
654 862 857 1042 Briniisffi
874 863 1083 955 vorflsque
1106 862 1230 936 libris
1254 863 1301 935 de

564 986 610 1041 eo
630 986 672 1040 so
713 988 739 1060 p

403 1213 410 1233 ,
534 1150 564 1208 1.
589 1144 720 1210 Soeordo
746 1144 822 1209 XV.

162 1291 257 1370 Quae
280 1315 385 1379 supra
406 1292 641 1358 recensuimus
661 1291 774 1379 Opera
795 1293 838 1357 D.
857 1292 1028 1357 Bernardi
1051 1314 1129 1357 cum
1151 1291 1304 1377 genuina

56 1385 129 1442 tum
154 1378 335 1466 supposita
358 1379 478 1462 tribus,
503 1401 591 1464 quae
611 1379 654 1444 ab
677 1378 752 1465 ejus
773 1392 883 1446 morte
904 1377 1202 1444 adinventionem
1221 1381 1304 1445 ariis

56 1467 301 1549 typopropbiooe
324 1466 544 1550 transierunt,
568 1467 754 1531 saeculis-
795 1466 973 1532 raesertim
992 1488 1058 1554 ope
1078 1465 1303 1531 monasterio·

55 1574 131 1616 rum
145 1551 284 1617 Ordinis
297 1552 536 1618 Cisterciensis
552 1552 613 1618 illa
627 1561 740 1618 aetate
755 1490 989 1620 liiorentiseimi
1002 1592 1035 1602 -
1047 1552 1151 1639 longe
1164 1554 1303 1638 lateque

55 1639 350 1726 propagabantur,
371 1639 406 1704 id
423 1640 514 1725 quod
533 1641 684 1724 catalogi
701 1641 860 1706 codicum
876 1641 912 1705 in
929 1640 997 1704 illie
1015 1639 1127 1705 adhuc
1143 1640 1303 1705 adserva-

56 1736 172 1791 torum
197 1725 333 1791 abunde
358 1726 602 1814 comprobant;
627 1728 797 1794 accedunt
820 1727 979 1794 ordinum
1002 1727 1214 1812 reliquorum
1229 1764 1262 1776 —
1284 1749 1305 1792 a

55 1812 184 1897 quibus
207 1812 242 1877 S.
262 1814 459 1878 Bernardus
479 1835 656 1898 nunquam
676 1815 857 1897 exsulavit,
882 1814 1105 1880 ecclesiarum
1125 1813 1303 1879 cathedra-

55 1900 152 1981 lium,
169 1900 321 1965 virorum
338 1900 551 1966 eruditorum
572 1900 805 1966 bibliothecae
820 1900 1074 1988 exemplaribus
1094 1900 1178 1966 satis
1198 1899 1302 1966 refer-

55 1996 123 2069 tae,
149 1993 184 2050 et
205 1986 372 2052 immensa
394 1987 544 2052 nominis
566 1986 708 2072 gloriosi
730 1987 928 2069 auctoritas,
952 2010 1020 2072 qua
1040 1987 1173 2053 Doctor
1191 1986 1303 2053 Melli-

54 2072 147 2138 fluus
172 2073 285 2138 ubivis
304 2075 423 2139 valuit.
447 2075 539 2139 Hinc
562 2096 632 2139 non
655 2082 790 2139 tantum
812 2075 914 2140 facile
937 2075 1057 2159 liquet,
1081 2074 1175 2159 quod
1198 2096 1303 2161 opera

55 2161 116 2225 illa
140 2181 221 2225 mox
239 2163 341 2242 prolis
363 2160 609 2244 subdebantur,
633 2161 694 2225 sed
715 2162 819 2226 etiam
838 2162 935 2244 illud,
960 2162 1052 2246 quod
1072 2160 1303 2246 antiquissimi

55 2247 137 2312 libri
163 2247 282 2313 divina
304 2248 365 2313 illa
388 2256 460 2312 arte
483 2247 643 2334 producti
668 2271 781 2333 neque
804 2248 934 2335 scripta
957 2247 1072 2314 omnia
1095 2271 1207 2333 neque
1231 2270 1303 2314 cm·

54 2333 160 2400 nibus
180 2335 331 2399 numeris
352 2335 511 2400 abstoluta
529 2335 864 2421 complectebantur3
888 2336 1044 2423 dispersa
1062 2335 1154 2399 enim
1169 2357 1232 2422 per
1246 2356 1302 2400 co·

56 2421 153 2487 dices
177 2430 212 2485 et
236 2422 356 2488 crebro
380 2422 530 2486 invicem
554 2429 712 2509 separata
735 2423 830 2509 prius
855 2422 1060 2508 colligenda,
1083 2421 1303 2487 librariorum

55 2516 174 2573 autem
195 2508 329 2574 incuria
350 2509 478 2595 passim
500 2508 706 2573 obtruncata
727 2518 762 2574 et
784 2509 917 2574 mendis
940 2509 1073 2597 polluta
1093 2508 1137 2574 ad
1160 2508 1302 2594 integri·

56 2603 167 2661 tatem
192 2602 226 2659 et
248 2595 435 2682 puritatem
459 2595 670 2682 primaevam
693 2597 890 2662 revocanda
913 2603 1020 2662 erant.
1046 2596 1139 2660 Illud
1162 2595 1301 2661 saeculo

56 2681 192 2748 decimo
216 2690 326 2765 sexte,
349 2683 415 2748 hoo
440 2681 573 2747 decimo
598 2682 744 2768 septimo
769 2683 940 2748 industria
961 2692 996 2748 et
1019 2682 1208 2768 sagacitate
1232 2681 1302 2747 edi-

54 2777 172 2835 torum
194 2768 387 2856 perfectum
411 2778 472 2834 est.

163 2857 350 2922 Editionum
376 2857 656 2922 Bornordinorum
686 2880 773 2941 quae
803 2857 957 2922 omnium
979 2859 1090 2939 prima
1120 2854 1302 2939 exstiterit,

56 2951 153 3008 certa
174 2943 243 3007 fide
267 2943 372 3008 asseri
396 2943 525 3028 nequit,
550 2966 628 3008 cum
651 2944 908 3030 septemdecim,
932 2966 1019 3030 quae
1043 2942 1303 3028 antiquissimae

55 3029 237 3113 habentur,
254 3030 393 3095 nomine
409 3030 618 3129 typographi
636 3038 671 3095 et
687 3031 766 3095 anni
783 3031 921 3115 locique
936 3031 1029 3096 notis
1046 3037 1195 3114 careant,
1210 3030 1303 3128 quod

79 3117 259 3181 raesertim
299 3138 336 3181 ro
363 3125 416 3181 ter
431 3118 619 3181 editionem
635 3118 827 3204 principem
844 3117 1158 3202 (CCLXXXXVI)
1176 3124 1303 3204 eprsto-
1341 3180 1348 3194 ,

54 3140 167 3268 ibrum
184 3203 266 3279 (vid.
310 3140 562 3290 ibiiographiae
575 3204 811 3269 Bernardinae
824 3205 924 3270 Num.
936 3206 969 3289 3)
985 3212 1019 3269 et
1035 3204 1204 3291 opuscula
1216 3202 1301 3290 (vid.

55 3291 99 3355 N.
119 3298 151 3366 ‘ll
169 3291 342 3372 dolemus;
367 3292 428 3355 sed
449 3299 564 3356 tamen
585 3292 683 3355 locus
703 3292 760 3356 ille
783 3300 978 3378 competere
995 3291 1134 3356 videtur
1152 3290 1302 3372 ,Speculo

57 3379 95 3442 de
112 3378 285 3443 Honestate
301 3380 380 3442 cited
400 3378 469 3463 (oui
493 3379 600 3461 ,Octo
617 3387 745 3463 puncta
761 3378 935 3444 mediante
952 3381 983 3463 [l]
1001 3378 1127 3462 quibus
1168 3377 1301 3443 eruani-

55 3474 114 3529 tur
130 3464 171 3527 ad
213 3463 436 3529 erfectionem
449 3465 520 3529 vite
536 3464 744 3552 spiritualis“
760 3465 924 3551 esljunota
940 3472 1045 3547 sunt),
1061 3401 1303 3550 quoriMoqun·

55 3554 121 3616 tiae
140 3574 161 3615 α
182 3487 275 3616 Retro
297 3552 450 3635 Sobocffcr
470 3551 561 3616 circa
581 3574 708 3615 annum
736 3562 816 3616 1464
841 3552 1045 3649 impressum
1070 3575 1144 3616 esse
1168 3551 1301 3617 volunt.

57 3638 123 3702 Cui
140 3638 344 3703 immortalis
361 3638 546 3703 memoriae
561 3639 636 3703 viro
677 3639 764 3702 rima
780 3645 914 3702 crunctis
930 3638 1022 3704 notis
1038 3645 1077 3724 ty
1104 3637 1303 3726 ographicis

55 3725 227 3789 instructa
246 3725 393 3790 debetur
411 3725 529 3809 editio,
550 3725 623 3790 scil.
648 3663 830 3791 ricrmonnm
853 3726 1050 3809 (CLXXX)
1072 3663 1114 3789 ie
1133 3727 1302 3811 Tempore

57 3821 92 3876 et
113 3813 154 3875 de
169 3811 325 3876 Diversis
345 3836 409 3877 nec
430 3834 498 3878 non
522 3834 718 3877 sermonum
738 3813 794 3895 (do
808 3812 928 3877 Laude
948 3835 1059 3878 novae
1079 3811 1238 3897 militiae)
1259 3812 1301 3877 ad

56 3898 187 3963 milites
210 3899 295 3963 Tem
321 3899 343 3964 li
370 3909 405 3964 et
430 3900 487 3977 (de
512 3899 762 3981 Conversione)
791 3900 833 3963 ad
859 3898 1022 3983 Clericos,
1051 3922 1153 3984 quarn
1179 3900 1301 3983 ,Anno

56 3985 252 4050 natiuitatis
274 3922 393 4050 ciiristi
407 4036 414 4051 .
428 3988 484 4052 M.
496 3988 675 4050 cccclxxv.
689 3987 946 4071 decimaquarta
965 3987 1021 4051 die
1038 3986 1165 4051 mensis
1184 3986 1301 4136 alprilis

55 4073 97 4138 Iu
121 4072 232 4138 nobili
257 4072 341 4137 urbe
362 4074 538 4157 Moquncio
561 4072 710 4138 feliciter
732 4074 1004 4139 consummauit“
1031 4074 1085 4157 (N.
1106 4077 1171 4159 30).
1228 4074 1302 4158 qui-

56 4161 135 4225 dem
156 4159 260 4224 etiam
276 4166 350 4241 post
367 4160 498 4225 dictum
519 4182 645 4224 annum
667 4182 737 4225 non
758 4161 884 4225 desunt
899 4160 1070 4226 editiones
1089 4161 1145 4224 vel
1165 4182 1234 4225 una
1255 4161 1302 4226 al·

56 4255 174 4313 terave
191 4246 247 4311 vel
264 4247 385 4331 quavis
400 4258 485 4313 nota
503 4247 758 4334 typographica
774 4247 976 4330 destitutae3
1000 4270 1120 4312 verum
1140 4269 1303 4314 numerus

54 4334 98 4399 iis
121 4333 370 4399 instructarum
392 4334 485 4399 haud
513 4335 658 4418 exiguus
687 4342 740 4399 est
766 4342 802 4399 et
830 4341 986 4417 cunctae,
1011 4356 1096 4419 quas
1119 4355 1205 4400 aevo
1233 4334 1302 4419 ,in-

55 4420 328 4488 cunabulorum“
361 4419 397 4485 in
426 4421 541 4486 lucem
572 4421 715 4486 emissas
741 4421 941 4508 reperimus,
975 4427 1195 4507 computatae
1222 4428 1303 4485 sunt

55 4507 322 4591 OOLXXXXI,
346 4507 437 4572 inter
458 4530 543 4593 quas
567 4507 686 4594 utique
710 4509 904 4596 complures
929 4508 1092 4574 Sermones
1111 4510 1149 4573 de
1169 4507 1202 4572 S.
1222 4507 1303 4572 Ber·

53 4598 155 4663 nardo
172 4593 286 4661 habiti
302 4594 496 4681 iterumque
513 4594 670 4682 impressi
688 4602 723 4658 et
738 4597 820 4660 oilae
837 4594 993 4680 ejusdem
1009 4593 1197 4678 breviores,
1217 4616 1302 4678 (liras

53 4706 94 4751 ex
115 4681 274 4750 instituti
297 4681 407 4747 nostri
429 4683 564 4748 ratione
587 4681 717 4768 suscipi
740 4681 905 4768 oportuit.
