3240 5242
53 1425 114 1540 In
139 1423 585 1572 Bibliographiam
610 1422 979 1539 Bernardinam
1002 1424 1312 1542 Introductio

677 1901 696 1965 I

398 2073 457 2146 De
486 2071 686 2164 Operibus
713 2071 751 2146 S.
773 2072 976 2147 Bernardi

167 2252 323 2380 Septem
339 2302 374 2358 et
389 2293 482 2378 quod
499 2293 636 2357 excedit
652 2292 810 2376 saeculis,
827 2315 915 2379 quae
932 2317 953 2359 a
967 2295 1000 2360 S.
1014 2296 1180 2361 Boraordi
1198 2295 1312 2363 Claro·

61 2383 210 2448 1111111111
230 2382 330 2447 obitu
351 2381 468 2467 elapsa
487 2388 577 2461 sunt,
599 2387 749 2445 testante
769 2379 834 2445 hac
853 2381 1139 2465 ,Biblioqraphiff
1158 2384 1312 2449 omnium

59 2469 220 2553 gent-ium
238 2468 422 2533 cultiorum
441 2476 475 2532 et
492 2466 750 2532 confessionum
767 2468 1033 2534 christianarum
1049 2469 1114 2534 viri
1132 2469 1262 2557 pietate
1278 2480 1313 2536 et

60 2555 257 2620 eruditione
283 2555 463 2641 conspicui
486 2555 529 2619 de
552 2554 680 2635 indole,
703 2556 928 2640 praestantia,
954 2556 1161 2622 auctoritate
1184 2579 1312 2640 operum

61 2642 136 2729 ejus
160 2644 221 2708 tali
246 2642 389 2727 ingenio
413 2651 578 2725 tantaque
603 2640 705 2728 copia
725 2642 971 2727 disseruerunt,
996 2651 1035 2708 ut
1058 2652 1212 2709 nostram
1235 2668 1312 2709 sen-

61 2729 206 2795 tentiam
220 2768 247 2777 -
262 2730 345 2806 licet
359 2729 467 2794 multa
483 2728 633 2793 lectione
649 2728 819 2793 firmatam
829 2730 909 2794 -de
925 2730 967 2794 iis
984 2751 1157 2817 exponere
1171 2753 1311 2817 prorsus

60 2817 183 2881 inutile
200 2816 256 2882 sit.
281 2817 319 2881 Si
336 2816 394 2901 qui
412 2838 454 2880 ex
473 2817 633 2882 historicis
647 2855 672 2863 -
688 2824 782 2881 certo
799 2816 1045 2901 paucissimi-
1059 2826 1094 2882 et
1109 2817 1192 2883 olim
1208 2819 1312 2883 exsti-

61 2914 177 2969 terunt
198 2926 311 2987 neque
333 2902 437 2968 hodie
458 2902 592 2979 desunt,
617 2903 675 2987 qui
693 2903 735 2966 de
754 2905 847 2970 rebus
863 2926 882 2967 a
896 2926 1022 2989 magno
1036 2943 1062 2952 -
1077 2904 1146 2969 imo
1162 2905 1312 2972 maximo

64 2990 121 3056 illo
148 2991 292 3055 homine
313 2993 410 3072 ¹uestis
433 2989 618 3074 benignius
642 2989 870 3075 judicassent,
898 2989 927 3054 si
951 2991 1004 3055 sui
1029 2991 1104 3056 aevi
1128 2991 1312 3142 pontifices

63 3078 281 3155 debellasset,
311 3077 525 3141 adversarios
554 3084 668 3141 autem
697 3078 870 3143 revelatae
897 3077 1054 3142 veritatis
1085 3079 1126 3143 de
1144 3079 1310 3145 endisset:

63 3164 95 3229 in
113 3165 354 3229 existimandis
370 3166 499 3245 scriptis
516 3163 591 3248 ejus
607 3186 696 3228 unus
712 3164 867 3229 omnium
882 3165 1024 3229 laudum
1041 3173 1230 3230 concentus
1249 3173 1311 3250 est,

62 3252 109 3316 ita
122 3251 273 3336 quidem,
290 3260 329 3315 ut
343 3250 409 3338 ipsi
424 3250 680 3315 confessionum
698 3248 972 3316 acatholicorum
984 3253 1135 3317 asseclae
1149 3253 1312 3338 dogmate

62 3361 122 3403 sua
146 3340 228 3403 inde
252 3339 408 3403 derivare
433 3359 620 3422 eorumque
643 3359 709 3424 ope
733 3338 888 3402 stabilire
911 3339 1111 3423 -quamvis
1134 3339 1262 3405 frustra
1277 3379 1311 3389 -

63 3428 286 3490 conarentur!
304 3425 423 3490 Rebus
440 3423 489 3488 sic
506 3446 543 3488 se
560 3423 768 3489 habentibus
785 3425 1004 3491 laudatorum
1020 3426 1183 3492 Doctoris
1199 3427 1311 3492 Melli-

62 3512 120 3577 flui
137 3511 279 3597 agmina
295 3534 422 3597 augere
436 3511 596 3576 nolentes
613 3511 654 3575 ad
671 3533 745 3575 eam
761 3520 896 3597 partem
910 3513 1064 3577 thesauri
1080 3512 1181 3578 nobis
1198 3514 1311 3579 relicti

64 3612 315 3681 convertamur,
344 3598 443 3685 cujus
467 3598 670 3682 diligentem
694 3599 963 3684 descriptionem
989 3600 1067 3664 libri
1095 3600 1205 3665 nostri
1232 3600 1311 3665 finis

63 3686 217 3771 requirit.

166 3775 320 3859 Operum
336 3774 371 3837 S.
387 3771 556 3836 Bernardi
575 3770 724 3837 editores
746 3772 980 3837 distinxerunt
998 3773 1172 3858 hodieque
1189 3773 1311 3839 distin-

64 3870 173 3944 guunt
191 3862 340 3943 grandina,
365 3860 463 3924 dubio
487 3864 514 3923 et
536 3861 749 3939 sirpposititio,
777 3859 928 3924 medium
951 3862 1067 3925 locum
1090 3861 1132 3925 iis
1157 3860 1311 3926 tribuen-

65 3956 123 4029 tes,
147 3970 238 4032 quae
261 3946 318 4010 vel
342 3969 383 4010 ex
407 3945 505 4011 libris
526 3944 597 4009 divi
616 3945 682 4010 viri
704 3947 897 4033 composita
917 3948 1014 4032 quasi
1034 3948 1186 4033 genuina
1207 3971 1311 4036 appa-

64 4046 136 4098 rent
160 4035 216 4099 vel
241 4033 316 4120 ejus
337 4033 474 4097 dicendi
494 4054 603 4116 genus
625 4032 881 4097 accuratissime
905 4034 1039 4100 imitata
1059 4035 1173 4122 ipsum
1193 4046 1311 4102 aucto-

65 4143 132 4185 rem
155 4122 320 4186 habuisse
343 4119 516 4184 videntur.
541 4118 669 4183 Verum
693 4142 771 4184 oum
794 4143 856 4207 per
880 4129 932 4186 tot
956 4123 1095 4187 saecula
1117 4145 1162 4186 ne
1185 4123 1311 4188 acerri-

66 4209 125 4273 mis
145 4208 286 4293 quidem
305 4205 455 4292 ingeniis
476 4205 690 4303 contigisset,
712 4215 751 4272 ut
767 4207 872 4273 dubia
892 4209 934 4273 de
956 4209 1070 4275 dubiis
1088 4210 1312 4308 dispellerent

68 4304 165 4380 atque
186 4294 348 4359 simulata
368 4317 384 4358 s
410 4293 553 4378 uriaque
573 4315 609 4357 1n
630 4315 712 4358 vera
732 4302 992 4361 converterent:
1016 4318 1080 4361 nos
1101 4297 1214 4361 missis
1235 4296 1310 4382 ejus

67 4383 154 4447 modi
172 4317 456 4447 distinctionibus
470 4378 609 4445 nonnisi
618 4383 755 4462 pennino
773 4382 985 4447 S.Bernardi
1003 4405 1108 4469 opera
1124 4383 1309 4468 1111111111)-

65 4473 164 4548 posita
188 4468 427 4551 discernimus,
455 4488 601 4554 quorum
624 4467 741 4553 priora
763 4469 929 4555 temporis
957 4493 1025 4556 quo
1054 4477 1193 4535 exarata
1220 4478 1309 4552 sunt,

69 4557 259 4639 posteriora
280 4556 458 4620 literarum
483 4553 614 4636 ordine,
638 4564 678 4619 ut
701 4578 720 4620 a
741 4557 872 4620 lectore
893 4557 1029 4623 facilius
1057 4578 1308 4641 recognoscan-

71 4658 130 4723 tur,
155 4644 390 4729 disponemus.

116 4758 186 4798 Xenis
201 4758 342 4797 111111111Ιί11
355 4757 394 4797 lv.
410 4754 577 4803 thoringi-aphia
590 4755 729 4794 lla-mamlius
1139 4764 1152 4818 J
