3240 5242
669 340 712 405 49

69 525 272 584 cisterciensis
284 527 414 585 doctoris
426 528 611 586 deuotissimi
623 528 773 601 opuscula.
786 528 827 582 Et
836 529 931 599 primo
945 526 982 581 ad
992 526 1154 598 gloriosam
1168 529 1315 599 virginem

67 614 190 670 Mariam
203 614 371 686 deprecatio
384 623 414 670 et
425 616 492 672 laus
505 617 732 687 elegantissima
750 616 797 687 (ln
810 616 869 669 fine
877 615 895 686 z)
914 614 1066 685 castigata
1078 622 1150 670 sunt
1160 616 1215 671 hec
1227 633 1317 688 opera

66 701 134 757 Diui
149 701 294 757 Bernardi
307 702 431 758 Abbatis
447 702 676 759 Olareuallensis
691 721 743 774 per
756 701 956 757 venerabilem
970 701 1149 756 Monachum
1164 701 1316 758 dominum

66 788 102 843 P.
114 789 148 842 dc
159 789 271 843 Bn'orro.
284 789 492 861 Impressaque
505 808 557 862 per
568 791 716 861 Angelum
728 795 759 845 et
769 788 915 845 Iacobum
927 788 963 843 de
974 789 1153 844 Britannicis
1164 789 1273 845 fratres
1285 777 1316 844 in

65 875 143 931 alma
156 876 286 932 Ciuitate
299 879 396 933 Brixa
411 878 448 933 ad
464 878 580 933 laudern
598 880 809 950 omnipotentis
822 876 869 932 dei
884 893 938 932 neo
951 894 1010 931 non
1023 882 1054 931 et
1065 879 1168 932 matris
1182 879 1246 933 eius
1256 879 1315 932 vir·

64 966 141 1034 ginis
158 966 258 1020 marie.
279 964 445 1030 Quinetiam
467 972 497 1020 et
511 967 580 1019 Diui
599 963 1313 1035 Bernardi.die.xviij.Martij.M.cccclxxxxIIin.

65 1054 91 1105 A
107 1052 158 1108 fol.
174 1053 206 1106 19
224 1070 319 1123 usque
334 1052 371 1107 ad
389 1054 475 1107 tinem
492 1053 569 1109 char.
585 1053 666 1124 goth.
683 1055 747 1108 sine
763 1059 838 1107 cust.
855 1057 885 1106 et
896 1069 943 1123 pp.
959 1069 1038 1107 num.
1053 1069 1119 1106 cum
1132 1052 1205 1122 sign.
1218 1051 1235 1104 2
1249 1052 1314 1108 coll.

64 1139 141 1193 4011.
156 1139 208 1193 346
219 1141 248 1196 ff.
266 1141 302 1194 8⁰.
318 1139 405 1210 (Cum
422 1141 553 1211 „Tabula
568 1141 716 1212 operum“‚
732 1145 766 1194 ut
781 1157 871 1211 supra
886 1139 1022 1206 diximus,
1037 1141 1067 1192 in
1087 1139 1193 1209 pagina
1209 1155 1315 1193 aversa

64 1225 127 1280 folii
140 1226 230 1282 XVII
245 1228 390 1298 impressa
406 1229 446 1282 sit
461 1228 593 1298 adeoque
607 1227 790 1298 „Opuscula“
804 1244 871 1282 cum
884 1215 1052 1297 „Carmine‘
1069 1227 1099 1279 in
1113 1227 1220 1296 paglna
1231 1229 1314 1279 ante·

64 1315 141 1369 riore
158 1313 292 1384 ejusdem
310 1315 372 1368 folii
392 1315 475 1368 finito
494 1316 656 1369 arctissime
676 1314 860 1381 cohaereant,
880 1315 1021 1385 sequitur,
1039 1311 1140 1367 eadem
1156 1310 1315 1382 conjuncta

65 1419 158 1455 unum
176 1400 313 1471 idemque
329 1400 468 1455 volumen
485 1402 609 1466 efficere,
625 1401 678 1456 sed
690 1407 788 1455 tamen
802 1403 831 1454 in
845 1399 919 1455 duas
932 1406 1032 1472 partes
1044 1399 1224 1468 distinctum,
1240 1415 1312 1469 qua·

63 1506 129 1542 rum
144 1490 226 1559 prior
241 1505 318 1541 anno
337 1488 403 1541 1494
420 1487 505 1561 {male
522 1506 547 1543 a.
562 1489 637 1556 1493,
656 1490 722 1542 1495
728 1510 735 1553 ;
754 1487 812 1542 vid.
827 1488 861 1543 N.
878 1488 956 1560 lael,
974 1491 1122 1558 posterior
1139 1504 1163 1542 a
1179 1487 1246 1541 1495
1258 1489 1313 1542 im·

64 1592 169 1645 pressa
188 1580 242 1629 est.
266 1573 404 1630 Ceterum
423 1575 534 1629 dictum
556 1576 714 1644 ,1111111111α
733 1575 769 1630 ab
789 1574 981 1645 „Opueculis“
1000 1581 1170 1646 separatum
1189 1574 1314 1629 habetur

64 1664 143 1716 inter
158 1663 294 1716 incunab.
308 1662 424 1716 Divion.
442 1681 486 1733 ap.
501 1661 652 1716 Pellechet
663 1663 697 1719 N.
712 1662 805 1731 11281,
821 1661 874 1716 sed
887 1664 937 1716 vix
952 1663 1108 1732 integrum,
1123 1680 1189 1716 cum
1202 1660 1274 1716 XVI
1284 1661 1313 1715 ff.

63 1758 203 1804 constare
225 1748 566 1818 legatur.-Audiffre‹1i‚
587 1750 712 1820 Specim.
731 1748 775 1804 ed.
793 1748 859 1803 Ital.
881 1748 938 1804 170.
958 1747 992 1804 N.
1011 1747 1061 1804 IV.
1080 1749 1150 1804 V.-
1162 1748 1313 1819 Oalogert,

62 1835 207 1889 Raccolta
219 1835 308 1890 XLV.
321 1836 380 1890 244.
393 1836 452 1891 246,
464 1868 489 1876 -
499 1835 616 1891 ceillier
625 1836 726 1892 XXII.
739 1836 834 1890 461).-
845 1837 889 1890 Dc
902 1835 1037 1889 Licteriis
1049 1834 1072 1889 I.
1086 1835 1127 1890 ll.
1138 1866 1164 1876 —
1176 1834 1313 1904 Gussago

63 1940 91 1993 p.
113 1921 171 1978 123.
190 1922 226 1976 Ν.
244 1923 284 1986 V;
308 1924 365 1977 124.
378 1923 428 1978 Vl.
438 1955 463 1964 -
473 1923 582 1978 Lecchi
599 1943 626 1996 p.
647 1926 689 1980 55.
698 1955 725 1964 -
733 1923 872 1993 Liischer,
891 1923 1030 1979 Strcmat.
1049 1921 1108 1978 278.
1118 1952 1144 1963 -
1155 1920 1252 1978 Oudin
1271 1920 1311 1976 11.

66 2009 140 2065 1233.
157 2039 183 2050 -
199 2010 320 2079 Panzer‚
339 2013 413 2064 Ann.
432 2017 493 2083 typ.
513 2010 562 2067 IV.
583 2013 641 2065 259.
660 2012 693 2066 N.
712 2012 755 2066 84.
774 2012 800 2066 b.
819 2042 845 2053 -
860 2011 1019 2081 Pellechet,
1038 2010 1141 2065 Incun.
1159 2010 1250 2081 Dijon
1270 2010 1310 2064 17.

64 2097 99 2151 N.
120 2097 227 2152 112811.
236 2128 263 2137 -
272 2098 379 2153 Peroni
396 2098 419 2152 I.
438 2098 495 2154 183.
507 2131 533 2139 -
545 2099 665 2171 Poggic‚
683 2100 798 2154 Notizie
814 2117 841 2171 p.
859 2099 915 2154 127.
934 2097 967 2153 N.
987 2097 1045 2153 130.
1054 2128 1080 2138 -
1093 2097 1182 2167 Ricci,
1202 2097 1311 2152 Biblth.

65 2184 193 2239 Borbon.
213 2184 236 2240 1.
256 2184 314 2241 306.
326 2216 352 2226 -
366 2185 420 2240 Va.
439 2203 475 2240 ex
494 2186 626 2241 biblioth.
646 2187 733 2258 palat.
752 2186 971 2257 vindobon).-

121 2342 249 2411 1711.-
264 2342 468 2428 (opuscula.
483 2342 539 2428 —)
555 2343 610 2408 Fr
629 2343 713 2408 Tit:
735 2343 893 2425 opuscula
909 2345 978 2408 diui
992 2337 1158 2409 Berncrdi
1174 2343 1309 2409 abbatis

67 2428 332 2494 clareuallensis.
355 2437 419 2490 1²2:
438 2437 578 2491 Philocte·
592 2438 741 2493 monachi:
759 2438 804 2492 De
820 2439 883 2491 uita
899 2444 929 2492 et
943 2437 1073 2492 moribus
1087 2439 1155 2492 Diui
1168 2437 1310 2492 Bernardi

68 2534 183 2589 abbatis
205 2533 437 2589 Clareuallensis
459 2536 695 2603 congregationis
719 2534 937 2589 Cisterciensis:
960 2550 996 2587 ex
1017 2533 1118 2588 ordine
1141 2535 1311 2589 Beatissimi

67 2624 158 2692 patris
179 2621 332 2676 Benedicti
352 2622 476 2677 Carmen
496 2624 733 2678 encomiasticon.

330 2708 447 2780 inclyta
464 2709 534 2763 dum
552 2712 635 2764 tenui
654 2711 791 2765 molImur
807 2716 893 2780 gesta
912 2726 1042 2780 susurro,

362 2795 465 2850 Dicere
485 2798 610 2851 meoniis
629 2796 824 2852 emodulanda
842 2798 924 2851 sonis
941 2796 1028 2867 (etc).

65 2881 186 2947 Deinde,
199 2884 219 2937 f.
234 2883 265 2938 3:
283 2883 352 2937 Diui
364 2882 506 2938 Bernardi
524 2900 578 2953 pro
594 2885 808 2938 instauratione
826 2884 1007 2938 monasticae
1018 2882 1181 2953 Religionis
1199 2883 1315 2956 prolata

67 2970 242 3041 supplicatio
263 2976 293 3024 et
311 2976 432 3041 accepta
450 2987 468 3023 a
486 2969 549 3023 Deo
568 2971 734 3041 promissio.

273 3058 360 3112 aStra
378 3057 477 3111 decern
498 3056 584 3110 celeri
602 3063 792 3128 penetrarant
810 3058 910 3113 secula
928 3076 1031 3114 cursu:

308 3144 359 3198 Bis
379 3143 560 3214 totidemque
579 3146 640 3215 pari
659 3144 753 3199 lustra
770 3152 889 3216 peracta
906 3146 980 3217 pede
998 3147 1084 3217 (etc).

66 3231 238 3303 Sequuntur
256 3232 314 3285 alia
332 3233 460 3285 carmina
478 3229 514 3284 ad
534 3230 561 3286 S.
575 3231 757 3286 Bernardum
776 3235 947 3303 spectantia,
966 3234 996 3288 ff.
1008 3234 1092 3301 1-16,
1110 3236 1256 3304 impressa
1268 3231 1312 3287 ch.

65 3322 140 3389 rot).
159 3319 247 3373 Post:
266 3317 337 3371 Diui
352 3316 486 3371 bernardi
501 3317 868 3374 abbatis.Olareuallensis
885 3320 1003 3390 ordinis
1020 3320 1224 3375 cisterciensis
1244 3319 1311 3374 doc·

66 3408 138 3460 toris
158 3405 344 3460 deuotissimi
364 3404 515 3475 opuscula.
535 3405 574 3458 Et
588 3407 682 3475 primo
698 3404 735 3459 ad
746 3405 907 3475 gloriosam
920 3409 1062 3477 virginem
1074 3407 1197 3461 Mariam
1210 3407 1311 3478 depre-

66 3495 142 3548 catio
162 3498 193 3546 et
210 3492 276 3546 laus
296 3491 523 3561 elegantissima.
533 3492 613 3546 -De
628 3493 747 3546 miseria
761 3492 890 3548 humana
905 3511 1010 3549 sermo.
1020 3493 1101 3547 -De
1114 3511 1213 3564 pugna
1228 3494 1312 3564 spiri·

66 3581 137 3634 tuali
157 3580 323 3651 (sermones
342 3580 422 3648 tres).
433 3609 458 3617 -
468 3578 607 3633 Formula
624 3579 749 3633 honeste
769 3581 837 3634 vite.
847 3611 873 3620 -
882 3580 1039 3651 Speculum
1056 3581 1275 3635 monachorum.
1285 3610 1311 3620 -

64 3666 109 3722 De
128 3667 232 3721 ordine
251 3668 312 3720 vite
332 3673 361 3720 ct
379 3683 494 3720 morum
512 3666 797 3721 institutione-De
816 3669 871 3721 viis
890 3669 960 3736 vite,
982 3668 1221 3724 confessionem
1242 3667 1311 3722 obe·

65 3755 182 3810 diontia
193 3785 220 3795 -
229 3753 274 3808 De
286 3754 425 3825 gradibus
437 3754 612 3808 humilitatis
626 3760 656 3807 et
668 3754 812 3823 superbie.
823 3785 848 3794 -
858 3755 902 3808 De
920 3756 983 3809 vita
1000 3755 1132 3810 solitaria
1150 3755 1188 3810 ad
1205 3755 1312 3809 fratres

65 3841 100 3896 de
117 3848 220 3896 monte
240 3840 294 3896 dei.
307 3870 334 3881 —
345 3840 390 3894 De
409 3839 556 3910 diligendo
575 3839 670 3894 deum.
682 3870 709 3881 ·-
720 3841 765 3894 De
783 3858 883 3896 amore
903 3840 957 3896 dei.
970 3872 995 3881 -
1007 3841 1052 3897 De
1071 3842 1152 3897 scala
1169 3842 1311 3897 claustra·

65 3930 144 3985 lium.
157 3959 184 3970 -
197 3928 242 3982 De
263 3930 358 3998 gratia
377 3936 407 3981 et
428 3928 519 3981 libero
538 3927 667 3982 arbitrio,
680 3956 706 3966 -
718 3926 762 3982 De
781 3936 919 4000 precepto
939 3936 970 3982 et
987 3928 1216 4000 dispensatione.
1228 3960 1255 3971 ·-
1266 3930 1311 3984 De

65 4019 259 4071 conversione
276 4014 312 4069 ad
329 4013 713 4069 scolares-Meditationes
730 4014 1013 4070 deuotissime.-De
1032 4018 1164 4070 interiori
1180 4015 1312 4071 domo.-

65 4104 204 4158 Homelia
222 4120 311 4173 super
330 4102 482 4173 evangelio
498 4103 609 4156 Missus
627 4102 857 4157 est-Homelia
868 4105 898 4156 in
909 4102 985 4156 dom.
998 4103 1063 4158 infr.
1078 4109 1133 4156 oct.
1147 4102 1309 4174 epiphanie.

66 4190 159 4263 Super
169 4190 322 4259 evangelio
333 4207 400 4244 ecce
410 4207 465 4243 nos
478 4190 649 4258 reliquimus
660 4190 758 4242 omnia
768 4197 798 4243 et
811 4192 903 4244 secuti
916 4207 1020 4244 sumus
1034 4196 1062 4245 te
1073 4190 1310 4244 declamationes.

66 4278 225 4333 Sermones
240 4279 270 4330 in
287 4294 379 4331 coena
394 4277 526 4336 Domini:
543 4278 573 4329 in
585 4292 758 4346 parasceve;
778 4294 867 4348 super
882 4276 1029 4348 psalmum
1045 4278 1120 4348 „Qui
1136 4276 1275 4332 habitat‘.
1286 4305 1312 4316 -

65 4366 109 4422 De
120 4364 375 4422 Considerationc.
386 4396 411 4405 -
422 4365 466 4418 De
477 4362 624 4435 diligendo
634 4362 722 4418 deum
732 4364 780 4434 (al.
790 4363 826 4417 de
839 4364 1000 4435 charltate).
1010 4395 1036 4405 -
1045 4365 1183 4419 Homelia
1195 4363 1311 4434 „Simile

66 4460 112 4509 est
130 4471 255 4524 regnum
274 4453 466 4507 coelorurn.-
477 4451 611 4523 Epistola
630 4448 799 4520 quedam-
810 4452 954 4523 Apologia
972 4452 1008 4506 ad
1027 4451 1206 4507 Gulielmum
1224 4449 1310 4504 abba·

66 4550 135 4596 tem.
145 4538 318 4610 -Epistola
336 4538 372 4593 ad
388 4539 559 4593 Robertum.
570 4568 596 4577 -
605 4538 650 4592 De
663 4538 876 4607 gubernatione
891 4540 1008 4594 familie.
1018 4570 1044 4581 -
1053 4537 1205 4594 Meditatic
1222 4536 1311 4590 deuo-

63 4629 181 4682 tissima
199 4643 289 4697 super
308 4625 394 4680 Salue
413 4627 521 4695 regina.
533 4624 672 4678 -Oratio
691 4625 795 4695 „Salue
814 4626 914 4681 mundi
933 4627 1121 4683 salutare“.-

116 4726 190 4766 xenia
206 4725 344 4763 lsornantinr
359 4725 394 4763 lv.
412 4722 577 4771 ltibltograpbln
594 4722 732 4760 iscrnardina
1138 4731 1156 4781 4
