3240 5242
320 509 486 590 tantaque
501 501 629 567 sensim
644 538 679 550 -
693 507 832 589 praeter
851 499 1021 565 editiones
1049 498 1192 564 iteratas
1207 536 1242 548 -
1256 497 1423 565 librorum
1447 498 1489 564 de
1511 497 1565 566 his

324 625 438 692 illisve
455 623 662 711 scriptorum
676 622 786 688 moles
797 621 845 686 ‘in
860 622 975 686 lucem
998 620 1148 704 emersit,
1171 628 1211 686 ut
1225 643 1306 685 vere
1322 619 1447 686 mirum
1463 643 1566 709 appa-

320 754 407 832 reat,
429 745 602 812 nemiuem
624 744 716 809 inter
736 742 893 810 literatos
915 743 968 808 illi
984 743 1169 829 diligenter
1196 749 1231 808 et
1252 743 1392 830 penitus
1409 743 1566 830 digeren-

320 869 385 936 dae
407 890 547 934 manum
564 866 758 934 admovisse
782 873 885 952 atque
910 887 997 954 opus
1021 888 1190 950 exarasse,
1215 866 1309 951 quod
1333 873 1368 931 et
1380 866 1474 932 Divo
1490 865 1565 933 viro

320 992 464 1079 dignum
478 990 570 1057 foret
584 997 619 1055 et
633 989 709 1076 ejus
725 989 916 1056 cultoribus
928 990 1091 1077 placeret.
1109 988 1276 1074 Contigit,
1293 992 1390 1054 ecce!
1407 997 1456 1073 ut,
1475 990 1567 1075 quod

320 1113 455 1180 tamdiu
468 1112 749 1192 desideravimus,
772 1111 840 1200 ipsi
857 1113 1077 1195 auderemus;
1101 1111 1233 1176 utinam
1258 1119 1292 1176 et
1316 1111 1506 1197 contingat,
1530 1119 1569 1178 ut

320 1235 454 1322 inclyto
477 1236 616 1301 nomine
641 1243 676 1301 et
696 1236 866 1301 lectorum
888 1234 1050 1301 laudibus
1074 1235 1217 1320 dignum
1240 1234 1425 1300 habeatur!

418 1356 489 1425 Ubi
515 1356 678 1423 nimirum
704 1356 884 1422 materiem
913 1357 1102 1442 ,Oi-ipimus
1133 1358 1418 1438 &sterneretis-W,
1443 1358 1568 1444 quibus

322 1479 477 1546 omnium
493 1479 740 1546 coenobiorum
756 1478 895 1544 Ordinis
916 1478 1027 1545 nostri
1042 1478 1265 1546 fundationes
1281 1479 1568 1567 describerentur,

320 1600 471 1689 primum
494 1601 658 1687 colligere
682 1602 859 1689 coepimus
884 1624 923 1666 ac
946 1610 1089 1689 propter
1108 1603 1306 1690 permultas,
1331 1624 1419 1687 quae
1438 1603 1569 1670 Clarae-

327 1722 415 1789 Vati
437 1723 579 1789 exordia
602 1724 786 1808 debebant,
814 1723 937 1808 quavis
959 1723 1032 1788 fere
1059 1724 1188 1811 pagina
1216 1725 1249 1789 S.
1272 1723 1311 1789 P.
1336 1724 1379 1789 N.
1403 1724 1570 1791 erdi

320 1865 447 1910 nomen
459 1844 682 1911 offendimus:
700 1845 803 1911 simul
818 1847 986 1931 quidquid
1000 1848 1043 1911 ad
1059 1846 1134 1933 ejus
1146 1847 1253 1913 vitam
1270 1854 1306 1912 et
1317 1869 1422 1934 opera
1434 1854 1569 1934 specta·

322 1966 393 2051 bat,
416 1967 566 2033 maxima
581 1990 663 2033 cura
679 1968 932 2052 adnotavimus,
956 1969 1029 2035 sive
1048 1969 1176 2035 nostris
1192 1969 1266 2035 sive
1283 1968 1429 2035 aliorum
1444 1968 1569 2036 studiis

323 2089 509 2175 aliquando
533 2089 790 2155 inserviturum.
814 2090 943 2155 Rerum
966 2091 1017 2156 sic
1034 2098 1276 2177 congestarum
1298 2113 1462 2156 numerus
1478 2113 1568 2159 anno

320 2209 692 2276 MDOOOLXXXVII
714 2210 933 2295 ingrediente
956 2213 1047 2277 ultra
1069 2212 1163 2278 mille
1186 2213 1352 2279 ascendit.
1384 2213 1460 2293 Quo
1483 2221 1568 2280 tem-

320 2355 406 2422 pore
432 2356 539 2420 quum
557 2336 593 2400 in
611 2342 746 2421 partem
761 2335 1005 2401 moderaminis
1032 2336 1261 2418 „Xeniomni“,
1287 2337 1329 2402 ab
1354 2336 1568 2403 antistitibus

322 2465 358 2525 et
372 2456 599 2525 conventibus
610 2456 812 2543 provinciae
823 2457 1247 2544 Austriaco·Hungaricae
1261 2458 1409 2542 Ordinis,
1427 2467 1569 2526 octavos

321 2582 454 2648 natales
485 2581 678 2646 saeculares
705 2581 740 2647 S.
767 2580 936 2646 Bemardi
964 2582 1208 2666 celebraturus,
1237 2582 1449 2647 edendorum
1477 2582 1568 2667 (Vid.

321 2727 355 2792 p.
379 2702 457 2788 490)
472 2723 676 2768 vocaremur
691 2724 802 2788 eoque
817 2725 959 2768 munere
975 2711 1137 2791 suscepto
1154 2704 1238 2770 tomi
1255 2703 1458 2791 posterioris
1477 2705 1569 2790 ,Ori-

321 2825 461 2913 ginum“
487 2824 678 2891 elaboratio
702 2825 815 2891 eidem
835 2848 926 2892 anno
942 2826 1098 2913 jubilaeo
1116 2826 1289 2892 destinata
1311 2827 1568 2914 prohiberetur:

322 2957 363 3015 ut
383 2956 503 3015 nostm
520 2970 658 3035 quoque
681 2949 813 3015 calamo
837 2951 879 3014 ad
903 2950 991 3015 tanti
1006 2949 1072 3016 viri
1097 2949 1265 3014 solemnia
1288 2949 1393 3035 digne
1409 2949 1570 3015 obeunda

322 3070 483 3137 nonnihil
512 3071 740 3155 conferamus,
768 3071 983 3137 collectanea
1006 3071 1067 3137 illa
1093 3079 1174 3137 octo
1197 3071 1315 3136 lustris
1344 3082 1513 3159 congesta
1534 3074 1570 3139 iu

324 3193 481 3259 ordinem
510 3194 678 3279 redigere,
703 3193 805 3260 novis
832 3216 958 3279 augere
989 3200 1092 3279 atque
1122 3194 1405 3277 ,Bibliopraphiae
1426 3196 1570 3263 Remor-

324 3318 438 3384 dinnc‘
452 3316 555 3383 titulo
571 3316 739 3404 inscripta
756 3317 920 3403 ,Xeniis“
936 3317 1125 3404 adjungere
1143 3318 1397 3385 constituimus.
1413 3319 1570 3384 Arduum

324 3461 407 3506 saue
433 3460 521 3527 opus
552 3462 663 3525 eoque
691 3439 879 3524 difficilius,
908 3441 1001 3526 quod
1027 3440 1218 3506 miserrima
1245 3440 1445 3506 valetudine
1475 3441 1570 3508 labo-

323 3570 439 3629 rantes
466 3563 541 3650 jam
570 3564 653 3629 inde
681 3586 701 3629 a
731 3563 930 3648 quindecim
960 3563 1060 3629 annis
1087 3586 1130 3628 ne
1159 3562 1395 3650 proximarum
1429 3563 1568 3649 quidem

323 3684 613 3752 bibliothecarum
630 3685 758 3752 scrinia
774 3693 936 3752 excutere
951 3685 1139 3774 potuimus,
1162 3708 1289 3772 magna
1303 3707 1386 3751 vero
1402 3686 1570 3754 librorum
1584 3749 1586 3753 ,

325 3809 426 3896 copia
441 3830 528 3897 opus
543 3808 621 3893 fuit,
644 3815 684 3874 ut
705 3831 760 3875 res
775 3831 817 3875 ex
832 3817 916 3876 voto
932 3813 1147 3898 procederet.
1170 3812 1218 3875 Et
1232 3809 1404 3898 processit
1417 3832 1460 3874 ex
1476 3818 1570 3892 vote,

324 3934 417 4019 quod
429 3932 597 4021 praetecti
609 3933 782 4000 LXXXV
797 3933 1087 4001 bibliothecarum
1101 3933 1271 3998 editiones
1284 3953 1427 4019 operum
1439 3930 1475 3998 S.
1490 3931 1572 3996 Ber·

324 4056 423 4123 nardi
439 4056 615 4141 librosque
631 4056 675 4122 ad
690 4056 804 4143 ipsum
820 4064 1018 4144 spectantes
1034 4079 1120 4141 quos
1138 4055 1338 4123 custodiunt
1353 4077 1422 4120 non
1439 4061 1573 4120 tantum

326 4181 370 4247 ad
392 4189 547 4248 nostram
563 4178 800 4265 cognitionem
813 4180 1060 4246 humanissime
1073 4180 1301 4268 pertulerunt,
1317 4178 1376 4242 sed
1395 4176 1500 4242 etiam
1514 4198 1573 4243 vo·

325 4304 458 4370 lumine
479 4325 557 4369 rara
571 4302 792 4392 pretiosaque
804 4323 931 4387 magno
946 4324 1049 4389 saepe
1065 4324 1208 4368 numero
1224 4301 1499 4389 transmiserunt,
1515 4325 1573 4367 ne·

325 4448 392 4513 que
416 4425 602 4492 defuerunt
624 4448 667 4491 ex
691 4425 811 4491 amicis
832 4425 963 4490 nostris
990 4430 1025 4489 et
1051 4424 1308 4511 promotoribus
1330 4424 1488 4491 laborum
1511 4448 1572 4492 no-

326 4556 485 4633 strorum,
510 4549 570 4635 qui
592 4549 713 4616 titulos
737 4570 881 4636 operum
904 4547 972 4613 sibi
994 4547 1227 4614 iudicatorum
1242 4546 1377 4631 chaque
1402 4546 1573 4634 excripse-

326 4678 407 4737 runt
429 4677 465 4738 et
485 4671 670 4738 nobiscum
693 4670 1001 4738 communicarunt.
1025 4668 1158 4750 Quibus
1186 4667 1345 4733 omnibus
1370 4675 1406 4733 et
1428 4667 1574 4755 singulis
