3240 5242
66 477 307 547 admirationis
321 485 359 547 et
368 479 601 548 venerationis
616 481 707 548 inter
722 502 842 549 omnes
854 491 978 570 gentes
994 483 1027 550 ei
1045 483 1195 552 tributae
1212 486 1318 553 docu-

65 609 196 686 menta,
211 601 290 690 ipsa
306 602 507 669 admiranda
521 610 557 670 et
570 605 784 671 veneranda!

169 723 472 814 Bibliographiam
484 725 547 792 tali
559 734 727 813 tantoque
739 728 886 796 consilio
898 729 1094 797 institutam
1110 754 1131 797 a
1144 732 1240 799 nullo
1256 756 1318 798 un-

66 869 171 935 quam
187 856 340 936 auctore,
356 849 426 915 imo
446 850 507 915 vix
523 873 543 916 a
558 850 725 917 societate
744 853 893 938 quadam
905 852 942 917 in
958 877 1037 919 eum
1051 853 1156 919 finem
1178 854 1320 921 condita

64 970 169 1058 plene
186 970 413 1058 absoluteque
427 972 548 1061 perlici
564 995 676 1061 posse,
699 998 814 1063 perse
829 983 935 1063 patet,
952 999 1032 1042 cum
1047 977 1164 1044 omnia
1175 977 1317 1044 omnino

65 1113 172 1180 opera
185 1116 295 1180 eaque
309 1116 413 1183 saepe
424 1095 622 1163 vastissima
633 1104 669 1162 et
681 1118 800 1164 omnes
813 1098 1050 1185 ephemerides
1062 1101 1162 1188 (quas
1175 1108 1317 1186 vocent>

64 1215 297 1303 theologicae,
309 1217 505 1301 historicae,
517 1219 700 1304 literariae,
716 1221 909 1287 numerosis
922 1222 1156 1288 voluminibus
1167 1246 1230 1311 per
1242 1225 1317 1289 uni·

64 1361 208 1408 versum
223 1338 343 1409 orbem
359 1341 545 1430 dispersae,
566 1365 631 1409 neo
647 1365 668 1408 a
682 1342 829 1430 singulis
843 1366 957 1430 neque
982 1367 1003 1410 a
1018 1345 1253 1433 compluribus
1269 1347 1319 1412 ita

64 1464 227 1552 pervolui
241 1472 381 1551 queant,
405 1472 446 1531 ut
459 1487 602 1553 prorsus
624 1465 713 1531 nihil
728 1467 957 1532 attentionem
981 1466 1140 1554 effugiat!
1164 1468 1257 1533 Hinc
1281 1475 1318 1535 et

63 1596 225 1655 nostrum
249 1609 336 1675 opus
349 1610 463 1673 neque
477 1587 612 1653 lacunis
628 1594 723 1654 caret
736 1610 850 1673 neque
866 1588 1076 1673 defectibus;
1104 1590 1317 1656 confidentes

62 1732 158 1796 vero,
182 1710 443 1777 emendationes
458 1717 493 1777 et
509 1709 704 1776 additiones
720 1710 932 1776 continuatis
954 1712 1083 1777 nostris
1100 1712 1317 1798 aliorumque

64 1835 157 1900 curis
172 1855 246 1901 non
261 1833 439 1900 defuturas
456 1857 542 1918 esse,
565 1833 705 1900 interim
719 1834 804 1900 satis
827 1841 1010 1901 contentos
1032 1857 1096 1902 nos
1116 1834 1190 1902 fore
1212 1837 1316 1923 profi-

64 1964 188 2041 temur,
214 1957 243 2023 si
271 1979 430 2024 censores
451 1956 703 2043 religiosissimi
727 1956 885 2044 inspecta
909 1957 974 2022 hac
998 1957 1315 2045 ,Bibliogrsphie“,

68 2091 128 2145 129
141 2101 306 2146 numeros
327 2086 381 2166 (ut
396 2082 537 2163 vocant)
563 2102 607 2144 ex
622 2079 881 2166 manuscriptis
904 2087 939 2144 et
961 2090 1045 2147 2761
1071 2103 1114 2145 ex
1136 2080 1314 2167 impressis

64 2202 233 2289 operibus
253 2200 419 2287 librisque
445 2201 640 2286 exhibente,
664 2223 776 2267 nos-
792 2223 864 2268 non
884 2201 1044 2267 obstante
1063 2201 1154 2267 tristi
1174 2224 1241 2287 qua
1261 2225 1316 2267 ur·

64 2346 189 2410 gamur
206 2322 454 2390 conditione-
468 2329 504 2389 et
519 2324 592 2389 berte
606 2326 741 2406 coepisse
755 2331 790 2388 et
812 2324 1074 2406 dimidiumfacti
1095 2325 1209 2390 babere
1220 2347 1233 2410 J
1239 2324 1314 2388 udi-

65 2444 241 2512 caverint!

154 2569 384 2651 Inscriptioses
396 2574 556 2633 accurate
568 2566 796 2650 reddidimus,
811 2567 856 2632 ad
866 2568 1060 2634 incunabulo
1070 2567 1163 2653 quod
1176 2566 1311 2651 attinet,

65 2714 144 2757 oum
170 2691 344 2779 permulta
369 2688 509 2757 nonnisi
536 2689 661 2756 solutis
687 2689 779 2755 notis
807 2692 882 2774 (seu
909 2689 1242 2774 abbreviationibus)
1270 2689 1314 2755 ab

63 2814 194 2881 Hainio
216 2812 361 2899 aliisque
378 2852 405 2863 -
421 2820 462 2879 ut
475 2812 678 2901 praesertim
693 2813 846 2878 Panzero
871 2812 1109 2895 exhibeantur,
1126 2812 1242 2878 omnia
1262 2812 1312 2877 sic

63 2934 321 3023 descripsimus,
336 2935 583 3021 inaequalitate
610 2936 703 3003 haud
724 2944 824 3022 grata
847 2935 914 3002 hoc
937 2936 1041 3002 modo
1058 2935 1206 3017 evitata,
1232 2957 1310 3022 spe·

64 3058 170 3124 ciales
185 3059 355 3144 quosdam
370 3057 477 3124 libros
492 3058 536 3123 de
555 3057 775 3124 incunabulis
794 3058 928 3143 aliquot
947 3057 1235 3124 bibliothecarum
1259 3080 1311 3123 re·

64 3203 145 3246 oens
162 3180 276 3246 editos
292 3180 449 3246 adhiberi
464 3201 534 3246 non
550 3180 716 3266 potuisse,
732 3187 856 3267 utpote
867 3180 925 3247 vel
941 3180 1066 3246 nullibi
1082 3181 1244 3246 inventos
1256 3181 1313 3247 vel

63 3326 134 3372 non
161 3303 359 3391 permissos,
382 3303 607 3369 vehementer
637 3303 804 3369 dolemus.
829 3303 924 3383 Quae
948 3303 1016 3390 ipsi
1038 3303 1082 3369 ad
1104 3326 1226 3369 manus
1252 3305 1313 3368 ha-

65 3424 204 3491 buimus
220 3425 441 3509 incunabula,
457 3426 534 3491 fuse
549 3425 725 3513 descripta
737 3433 773 3491 et
786 3425 836 3490 sic
850 3425 1038 3491 nonnullae
1049 3447 1103 3490 res
1118 3424 1160 3488 ad
1177 3424 1212 3489 S.
1227 3425 1312 3490 Ber-

65 3549 212 3614 nardum
225 3555 423 3635 spectantes
439 3555 595 3635 repertae
610 3555 702 3632 sunt,
726 3571 815 3633 quae
829 3547 915 3613 alias
931 3548 975 3612 ad
998 3546 1233 3632 cognitionem
1250 3569 1312 3612 no-

65 3678 171 3737 stram
184 3691 256 3736 non
268 3669 518 3757 pervenissent.
531 3669 601 3737 Ubi
613 3677 717 3737 notae
728 3668 1022 3758 typographicae:
1040 3691 1149 3733 annus
1164 3676 1199 3733 et
1214 3669 1312 3734 locus

67 3793 306 3882 impressionis
320 3801 423 3880 atque
436 3794 586 3880 officina,
603 3796 659 3861 vel
675 3817 794 3862 omnes
806 3793 863 3859 vel
874 3792 1033 3878 singulae
1044 3792 1178 3875 desunt,
1192 3815 1212 3855 a
1223 3791 1313 3878 peri·

65 3916 191 3983 tiorum
215 3916 424 4004 scriptorum
445 3925 480 3984 et
503 3917 775 4003 antiquariorum
790 3915 964 3982 sententia
985 3936 1056 3979 non
1080 3912 1311 3996 discessimus,

69 4041 271 4128 conjecturs
284 4048 404 4107 nostra
418 4040 456 4105 in
469 4039 647 4106 nonnullis
663 4039 800 4105 casibus
816 4039 962 4126 adjecta.
980 4039 1059 4104 Non
1075 4034 1199 4101 minori
1216 4035 1310 4100 solli-

67 4162 220 4231 citudine
235 4161 466 4250 posteriorum
490 4163 707 4228 saeculorum
720 4162 829 4228 libros
849 4161 1101 4243 recensuimus;
1126 4159 1162 4223 in
1185 4158 1310 4243 quibus

67 4284 93 4349 si
116 4286 201 4371 quid
224 4291 376 4351 erratum
400 4285 634 4371 emissumque
656 4285 763 4351 fuerit
778 4285 885 4370 (quod
907 4284 943 4348 in
963 4290 1061 4348 tanta
1084 4304 1199 4348 rerum
1222 4281 1311 4344 silva

66 4405 264 4492 praecaveri
277 4405 424 4491 nequit),
438 4406 690 4473 correctionem
705 4429 726 4472 s
739 4405 928 4472 lectoribus
944 4426 1134 4492 precamur.

164 4530 208 4594 In
231 4528 395 4593 extremis
417 4551 530 4616 pauca
552 4528 595 4594 de
623 4529 734 4595 Indice
754 4529 958 4594 Bemardino
984 4525 1306 4613 ,Bibliographiae“

66 4670 198 4718 annexo
235 4648 385 4716 dicenda
418 4657 510 4716 sunt.
550 4650 638 4716 Cum
676 4651 870 4739 complures
906 4649 1077 4715 editiones
1111 4647 1308 4734 generalem
