3240 5242
744 483 764 487 -
786 392 885 487 1¹0„

185 599 262 635 anno
276 581 360 650 „1493
375 581 452 634 inter
464 580 663 651 typographos
677 580 828 635 Romanos
842 581 993 635 occurrit“.
1012 580 1070 635 Sed
1085 582 1131 637 his
1147 583 1231 638 laetis
1247 601 1306 638 non
1323 585 1434 656 injuste

186 670 362 739 quaerimus,
375 666 444 739 quid
456 667 542 722 litera
553 668 569 721 Ι
582 667 746 738 signifieat?
759 667 898 723 Continet
910 674 1010 722 autem
1022 667 1095 722 liber
1107 669 1157 724 ille
1170 670 1272 724 XXIV
1285 672 1433 743 strophas,

187 772 260 826 quas
278 755 347 809 Itali
366 756 522 826 ηοοιεινειειι
541 760 656 825 vacant,
674 756 847 826 incipientes
865 756 921 809 sie:

444 843 570 898 Allaude
587 843 701 898 honore
717 843 812 913 gloria
830 849 860 897 et
877 845 1044 898 reverentia

445 932 491 986 sia
508 930 536 985 di
554 930 658 986 Xristo
676 930 747 985 Iesu
766 933 866 1000 signor
884 933 1001 1001 piatoso

444 1018 498 1073 ohe
514 1035 588 1072 sono
604 1024 649 1072 tre
665 1034 790 1089 persone
805 1019 834 1071 in
852 1034 910 1071 una
926 1019 1056 1073 essentia
1072 1023 1162 1072 ete.-

184 1105 385 1177 (Audiffredus
403 1105 586 1161 tlh-Ham
604 1106 638 1163 N.
651 1106 728 1162 2114.
739 1106 923 1160 -Zambrini
940 1106 975 1175 6).
988 1136 1015 1146 -

703 1301 766 1368 Ἀ.
787 1302 891 1368 1493;

240 1457 312 1526 139.
326 1497 367 1505 -
384 1458 451 1539 (De
467 1458 734 1527 concordantia
756 1461 924 1525 statuum
946 1458 1203 1542 religiosorum
1225 1457 1362 1539 aliaque.
1376 1457 1430 1540 —)

187 1544 220 1609 S.
244 1545 435 1610 Bernartius
458 1545 500 1609 de
527 1544 760 1610 C'oncordantiu
782 1549 924 1610 statuum
945 1544 1163 1625 religiosorum
1186 1542 1245 1628 qui
1267 1565 1331 1631 pro
1347 1551 1431 1608 tem-

184 1653 269 1717 pore
286 1654 348 1698 suo
366 1638 474 1696 erant.
488 1670 515 1679 -
532 1631 730 1696 Bernardus
753 1632 798 1696 ad
819 1631 998 1714 Eugenium
1014 1652 1149 1712 papum.
1163 1669 1189 1677 -
1204 1630 1311 1695 Liber
1333 1632 1431 1696 niedi-

184 1720 339 1784 tationum
354 1717 448 1783 beati
463 1717 642 1783 Bernardi.
655 1756 681 1765 -

236 1823 266 1876 8⁰
284 1823 352 1877 min.
371 1822 415 1876 oh.
433 1822 644 1892 goth—(Tres
663 1826 814 1890 tractatus,
833 1822 967 1892 impressi
986 1819 1145 1890 Rotomagi
1163 1838 1188 1875 a.
1209 1819 1285 1889 1493,
1305 1837 1431 1892 quorum

183 1907 241 1963 duo
257 1910 373 1979 insigne
385 1908 505 1963 Martini
519 1909 615 1963 Morin
630 1908 777 1978 exhibent,
790 1908 915 1963 celebris
931 1906 1107 1978 typographi
1122 1906 1364 1977 Rotomugensis.
1383 1906 1430 1961 Sic

183 1995 291 2066 legitur
308 1997 353 2049 in:
372 1995 448 2049 Bull.
467 1995 507 2049 du
525 1995 670 2066 Bouquin.
689 1994 756 2049 XX.
777 1995 852 2049 1298.
870 1994 904 2048 N.
917 1994 1041 2064 8814).-

239 2144 311 2213 140.
322 2186 363 2193 —
380 2146 446 2227 (De
462 2147 681 2231 contemptu
696 2146 830 2212 mundi.
840 2145 895 2228 -)
919 2143 949 2208 F
965 2155 978 2206 1
998 2141 1083 2207 Tit:
1100 2143 1291 2208 Bernartius·
1307 2145 1345 2208 de
1361 2167 1430 2210 rou-

184 2236 302 2313 tempin
316 2234 354 2318 (i)
370 2233 482 2297 arnadi
505 2237 532 2296 ei
555 2234 697 2312 appetitu
719 2254 815 2312 super
838 2230 994 2296 celestium
1010 2232 1160 2295 {umorum
1176 2229 1334 2294 versibus
1350 2254 1429 2296 eon-

183 2318 560 2404 soriptushexametris.
573 2318 601 2381 F
612 2331 648 2383 2:
663 2318 804 2383 Cartula
813 2325 931 2383 nostre
940 2317 1004 2382 tibi
1014 2318 1155 2381 mandat
1163 2316 1290 2381 dilecte
1300 2319 1429 2382 salutes

183 2407 288 2491 (ete).
304 2407 347 2469 in
360 2405 439 2488 fine,
456 2406 599 2469 Fllvo:
616 2406 694 2470 Hoe
709 2405 773 2469 tibi
798 2406 858 2468 dat
881 2427 1005 2469 munus
1029 2403 1086 2488 qui
1111 2411 1235 2488 regnat
1257 2404 1370 2469 trinus
1394 2418 1429 2469 et

182 2515 282 2556 unus
298 2492 422 2558 Amen.
438 2492 535 2556 Finit
549 2492 748 2556 Bernardus
772 2492 814 2555 de
839 2499 1041 2577 contemptu
1064 2490 1183 2556 mundi
1209 2500 1244 2555 et
1267 2492 1427 2578 appetitu

183 2579 467 2666 superoeIestium
490 2579 669 2644 bonorum.
694 2579 904 2664 Impressum
920 2581 958 2664 (i)
974 2578 1134 2664 Lyptzek
1153 2601 1217 2664 per
1231 2578 1427 2644 Arnoldum

183 2666 226 2730 de
243 2666 389 2732 Goionia
404 2667 505 2731 Anno
529 2665 639 2751 gratie
663 2665 715 2729 M.
726 2664 917 2750 eece.xciij
930 2664 1063 2730 ,Pridie
1086 2687 1195 2730 nonas
1220 2665 1386 2730 octobris,
1399 2705 1425 2713 -

233 2772 271 2826 4⁰.
292 2770 321 2823 ll
335 2770 363 2823 ff.
385 2769 464 2823 1911.
484 2787 550 2822 curn
569 2770 651 2837 sign,
673 2770 737 2823 sine
759 2776 833 2823 eust.
857 2776 887 2823 et
908 2787 954 2839 pp.
974 2787 1000 2822 n.
1014 2800 1040 2809 -
1052 2769 1162 2839 (Braun
1181 2769 1219 2823 II.
1239 2769 1299 2824 246.
1312 2769 1427 2823 -Hain

181 2858 216 2911 N.
233 2858 310 2912 2904.
319 2888 346 2897 -
355 2857 523 2926 Hirsehing,
545 2856 618 2910 Bibl.
637 2856 676 2910 II.
696 2856 754 2910 217.
766 2887 790 2896 -
800 2856 878 2910 Hist
900 2856 970 2911 Litt.
992 2856 1028 2910 de
1050 2855 1079 2910 la
1096 2856 1209 2910 Franco
1227 2856 1313 2911 XIII.
1333 2858 1393 2911 224.
1403 2887 1429 2897 -

182 2945 272 2999 Leich
291 2946 333 2999 67.
345 2976 372 2985 -
384 2945 531 2998 Maittaire
549 2944 581 2997 V.
601 2943 627 2998 b.
647 2944 705 2997 503.
718 2974 745 2983 -
757 2944 875 3014 Mylius,
895 2944 957 2999 Cet.
976 2943 1050 2998 Bibl.
1068 2944 1134 2999 Jen.
1152 2943 1175 2998 Ι.
1197 2945 1253 2997 lus.
1267 2973 1293 2982 -
1306 2944 1428 3013 Panzor,

182 3033 257 3088 Ann.
271 3038 330 3103 typ.
343 3032 439 3085 1.478.
452 3030 486 3085 N.
500 3032 542 3085 52.
554 3061 578 3071 -
587 3030 732 3099 Schwabe,
744 3030 883 3085 Biblioth.
896 3030 934 3085 IL
948 3031 1007 3085 229.
1020 3029 1055 3083 N.
1068 3031 1126 3085 565.
1137 3060 1164 3069 -
1179 3030 1232 3084 Vis.
1245 3048 1282 3084 ex
1294 3031 1427 3085 biblioth.

181 3119 270 3190 palat.
288 3118 457 3189 Moneo).-

238 3268 548 3360 141.-‹1mitatio
565 3270 712 3350 christi,
727 3268 806 3351 gall.
818 3270 873 3352 -)
890 3268 918 3331 F
935 3279 968 3331 i:
987 3267 1038 3351 Cy
1055 3288 1255 3332 commenee
1271 3267 1304 3331 le
1321 3266 1427 3332 Liure

182 3354 419 3419 tressalutaire
435 3355 579 3419 Intituio
599 3355 649 3418 De
666 3357 837 3419 diuinarum
852 3360 956 3419 nostre
970 3356 1115 3436 seipueur
1129 3355 1285 3421 desieris-r
1302 3364 1338 3419 et
1352 3377 1427 3440 per-

182 3441 268 3505 faiot
285 3449 587 3527 conternpnernent
604 3442 646 3506 de
663 3466 702 3506 eo
725 3448 865 3528 present
888 3441 1069 3505 miseruble
1092 3441 1227 3505 monde.
1251 3441 1386 3526 Lequel
1409 3464 1428 3506 a

183 3536 256 3593 este
273 3552 335 3615 par
349 3552 479 3593 aucuns
496 3529 636 3613 iusquee
653 3554 672 3593 a
688 3536 828 3615 present
843 3530 979 3594 attribue
991 3552 1011 3593 u
1023 3531 1110 3594 subii
1122 3530 1274 3593 Bernurd
1287 3551 1332 3593 ou
1344 3527 1427 3593 mai-

182 3625 251 3680 stre
268 3617 382 3681 Jehun
399 3639 638 3701 gerson.pose
662 3640 728 3700 quo
751 3614 820 3680 soit
843 3623 1046 3680 autrenrent.
1071 3620 1163 3694 Quen
1182 3617 1300 3680 lurteur
1323 3615 1427 3679 dicei-

182 3703 242 3787 luy
255 3703 361 3768 soubz
376 3711 492 3766 nostre
509 3702 670 3785 seigneur
685 3705 756 3766 fust
772 3726 842 3787 vng
857 3701 1041 3767 venerable
1059 3725 1138 3788 pere
1154 3703 1334 3767 tresdeuot
1349 3702 1427 3765 reli·

181 3790 286 3873 gieux
302 3792 452 3855 clurowr'ue
467 3791 548 3870 reple
560 3841 566 3852 .
576 3790 698 3853 viuunt
714 3813 755 3853 en
773 3812 835 3854 son
851 3799 962 3877 temps
976 3813 1018 3853 en
1032 3789 1245 3854 observance
1257 3789 1427 3874 reguliere

181 3877 204 3941 J
207 3884 311 3941 ouxte
327 3878 361 3939 la
377 3877 471 3961 regle
488 3876 733 3960 rnonseigneur
748 3877 838 3940 saint
854 3877 1017 3962 augustin
1033 3899 1169 3940 nomme
1192 3877 1282 3941 frere
1305 3878 1427 3942 thornei

181 3966 219 4028 de
240 3966 402 4048 tempis.¹)
426 3963 542 4051 prieur
565 3986 607 4026 en
630 3986 699 4047 vng
720 3963 854 4048 prieurs
870 3965 1009 4030 dieellui
1027 3964 1127 4029 ordre
1144 3985 1281 4029 nomme
1297 3963 1426 4027 winde-

181 4074 254 4115 seni
279 4074 323 4114 uu
346 4051 483 4115 diocese
508 4051 668 4114 ‹hitruiot
692 4050 871 4115 Translate
895 4052 938 4115 de
961 4051 1046 4116 latin
1065 4074 1106 4114 en
1123 4050 1274 4115 iianeois
1291 4074 1380 4137 pour
1394 4050 1426 4114 lu

181 4138 403 4203 eorrsoleeion
430 4139 489 4200 dos
513 4137 653 4235 simplos
677 4160 747 4202 non
771 4137 929 4202 seiohuns
955 4140 1120 4203 entendre
1145 4137 1240 4202 latin.
1258 4137 1425 4222 Laquelle

180 4225 389 4290 translnuion
408 4250 428 4287 a
443 4234 515 4288 oste
533 4225 774 4309 diligentrnent
790 4225 943 4309 corriges
959 4250 1016 4291 sus
1034 4224 1192 4309 loriginal
1218 4225 1311 4288 Pour
1333 4246 1426 4309 quoy

182 4336 268 4377 vous
284 4312 342 4397 qui
361 4336 404 4375 en
420 4311 547 4395 ieellny
558 4312 650 4375 -liure
669 4312 759 4394 lyras
775 4312 919 4375 vueilles
937 4313 1028 4399 prior
1043 4312 1324 4396 nostreseigneur
1340 4334 1427 4409 pour

180 4401 212 4463 Ie
226 4401 318 4464 salut
330 4400 376 4461 (lu
391 4407 596 4462 eorreeteur.
610 4398 685 4462 Ful.
701 4397 760 4460 uit.
774 4420 835 4461 vo:
850 4400 901 4483 Gy
914 4401 1010 4464 finiet
1024 4402 1054 4463 le
1071 4398 1157 4464 liure
1174 4400 1217 4463 de
1231 4398 1424 4463 imitatione

181 4487 274 4550 eristi
293 4487 339 4550 Et
353 4486 394 4547 de
412 4491 615 4569 contemptu
631 4484 759 4548 numdi.
777 4485 958 4550 'Irunslate
975 4488 1017 4550 (lo
1033 4486 1118 4550 latin
1136 4510 1178 4550 en
1194 4485 1357 4549 franceis.
1381 4485 1427 4548 Et

180 4573 338 4659 imprime
362 4596 382 4636 a
404 4571 501 4635 Paris
525 4594 587 4657 per
610 4572 633 4636 J
636 4572 724 4635 ellan
739 4573 913 4639 Iiernbert.
928 4576 979 4639 Le
993 4594 1064 4639 xvi.
1077 4575 1160 4658 jour
1177 4574 1219 4637 de
1234 4572 1424 4637 nouembre

180 4660 241 4725 Mil
252 4710 259 4725 .
270 4660 385 4725 CCCC
396 4710 403 4724 .
413 4666 535 4745 quatre
551 4659 651 4745 vingt
666 4667 701 4724 et
716 4667 819 4725 treze.
834 4701 859 4708 -
