3240 5242
909 387 951 451 94

361 571 491 643 (Adsunt
502 571 537 625 28
550 574 692 641 imagines
706 574 784 645 ligno
798 577 908 630 incisae
922 581 952 629 et
964 575 1111 630 coloribus
1124 574 1299 647 distinctae).
1316 577 1365 631 128
1376 577 1404 632 ff.
1419 580 1556 648 (quorum

309 658 446 713 ultimum
464 666 558 714 vacat.
569 691 594 699 -
604 659 771 715 Rosenthal
790 661 853 718 Cat.
866 662 908 717 37.
925 663 958 717 N.
971 662 1054 719 33682
1073 663 1110 717 ib.
1123 663 1165 717 37.
1184 663 1219 717 N.
1232 663 1301 717 3766
1317 663 1395 718 idem
1407 682 1483 735 opus
1497 665 1556 720 MS.

308 749 426 801 nomine
439 747 524 802 Mica
538 747 636 817 Riepcr
650 752 833 820 praeposit0;
846 769 883 805 an
897 751 1046 806 auctoris?
1059 750 1102 805 Id.
1116 750 1208 807 Catul.
1221 751 1264 806 61.
1277 751 1311 807 N.
1324 751 1408 805 2089:
1421 753 1455 805 27
1469 754 1555 823 imag.

309 835 421 905 inc).-

362 973 437 1042 358.
449 1016 489 1022 —
501 978 595 1045 Villa
610 979 713 1062 vitis,
736 979 949 1063 Hieronymus
971 982 1027 1043 do:
1050 980 1152 1044 Panis
1171 980 1384 1061 qrrotidicu-os.
1406 980 1448 1044 In
1469 979 1554 1045 fine:

308 1060 480 1147 Expeusis
494 1113 501 1128 .
516 1114 523 1127 .
538 1113 544 1126 .
558 1064 845 1152 archibibliopole
857 1067 881 1131 J
884 1068 1004 1131 oannis
1017 1068 1177 1149 ltyumau
1196 1067 1237 1129 do
1251 1066 1413 1151 Oringaw
1428 1090 1492 1153 per
1506 1067 1556 1132 in-

310 1147 475 1213 dustriam
492 1151 599 1215 Heur.
619 1174 714 1235 grau.
736 1153 772 1217 in
789 1152 959 1238 imperiali
976 1153 1117 1218 civitate
1133 1154 1312 1237 Hagenaw
1327 1153 1440 1217 ciuem
1456 1177 1555 1218 aceu-

308 1234 479 1300 ratissime
500 1236 697 1323 impressus.
720 1240 823 1304 Anno
843 1240 973 1305 domiui
988 1241 1034 1304 M.
1050 1242 1093 1304 D.
1109 1240 1174 1304 [Χ.
1190 1240 1266 1326 ipso
1283 1240 1339 1304 die
1356 1249 1555 1305 sanctorum

308 1321 481 1387 Prothasii
506 1333 540 1388 et
565 1325 723 1390 Geruasii
747 1336 938 1411 urertyrum
962 1328 1154 1413 completus
1178 1336 1231 1391 est
1250 1326 1408 1391 feliciter.
1433 1336 1477 1392 4⁰.
1505 1328 1554 1395 ch.

307 1409 404 1495 goth.
418 1449 451 1457 -
464 1411 492 1474 F
505 1422 519 1474 1
532 1433 593 1476 vo:
614 1412 738 1495 „Panis
755 1414 977 1498 (piritidiauus
991 1464 998 1478 .
1012 1415 1055 1478 de
1071 1413 1201 1478 sanetis
1217 1413 1273 1479 hic
1290 1413 1378 1478 liber
1393 1414 1472 1479 ideo
1489 1414 1554 1479 hoc

307 1496 448 1561 nomine
472 1499 676 1584 appellatur,
700 1500 782 1585 quia
805 1501 961 1585 quotidie
984 1525 1046 1587 per
1064 1508 1176 1564 totum
1196 1523 1324 1565 annum
1344 1501 1553 1585 singularem

309 1583 501 1648 orationem
520 1586 574 1649 vel
596 1586 858 1652 meditationem
878 1588 920 1651 de
937 1597 1058 1653 salicto
1076 1586 1262 1673 cujuslibet
1278 1587 1346 1652 diei
1365 1587 1553 1653 contineo.

308 1670 359 1733 Ib.
372 1671 413 1736 N.
428 1683 501 1736 232.
514 1672 596 1736 XX.
611 1675 718 1757 Augu
740 1676 850 1740 Oratio
863 1676 900 1739 do
914 1675 947 1739 S.
960 1675 1140 1740 Bemmrdo.
1161 1673 1345 1758 „Melliflue
1361 1682 1460 1761 pater
1471 1675 1553 1740 Ber-

308 1758 414 1822 narde
427 1759 552 1844 quibus
564 1760 744 1825 laudibus“
761 1771 826 1827 etc.
835 1769 1018 1841 -(Heusde‚
1031 1768 1554 1840 Cat.Bibl.Rh.Trajcct.11.1013).-

844 1957 882 2024 A.
905 1959 1020 2024 1509?

363 2092 437 2160 359.
454 2133 495 2140 -
512 2096 724 2167 (hetherius
738 2096 772 2174 ¹).
789 2104 845 2173 υ)
874 2096 970 2160 Liber
992 2096 1030 2159 ‹lr
1052 2095 1174 2159 rrilitcto
1197 2094 1386 2159 conditionis
1408 2094 1552 2159 liaciano.

308 2178 476 2259 (Parisiis)
493 2181 583 2246 Jeau
599 2181 692 2245 Petit
707 2183 831 2263 (1509).
852 2188 915 2247 163⁰.

361 2284 415 2353 (lb.
434 2286 463 2337 iu
483 2286 555 2338 tino:
574 2285 617 2338 De
632 2287 847 2354 proprietatibus
864 2302 1040 2339 roomaorom
1059 2285 1104 2355 {ex
1124 2284 1153 2339 S.
1171 2285 1371 2351 Bernardol.-
1388 2284 1552 2339 Resenthal

307 2369 400 2425 Catel.
413 2371 455 2424 28.
468 2371 503 2426 N.
517 2372 583 2425 3421
592 2391 623 2436 a;
637 2372 729 2429 Catal.
742 2374 784 2428 31.
797 2373 832 2429 N.
848 2374 922 2442 1657,
938 2373 971 2443 1).
981 2404 1008 2413 -

361 2457 395 2512 N.
411 2460 433 2514 l.
448 2459 502 2512 Ille
516 2461 675 2514 Irmoeenb'i
686 2462 739 2514 111
752 2462 786 2516 P.
800 2462 840 2515 M.
855 2461 928 2515 liber
946 2459 1079 2531 equidem
1096 2459 1159 2529 jam
1178 2459 1296 2513 saeculo
1310 2459 1366 2513 XV
1384 2461 1464 2531 typis
1484 2459 1551 2513 sub·

303 2544 316 2614 j
321 2551 404 2599 ectus
419 2552 465 2600 est
479 2546 546 2618 [Cir.
560 2547 637 2601 Hain
651 2548 685 2603 N.
701 2547 923 2619 10217-102211;
936 2549 1103 2602 nescientes
1116 2563 1196 2613 vere,
1210 2551 1308 2598 utrum
1320 2546 1372 2600 illa
1385 2563 1422 2600 ex
1441 2547 1468 2601 S.
1482 2546 1551 2600 Ber·

305 2632 398 2685 nardo
411 2633 567 2705 desumpta
580 2640 668 2689 ‹itirun
681 2637 710 2688 in
725 2636 939 2705 antiquioribus
956 2633 1135 2690 editionibus
1154 2635 1361 2688 contineantur
1378 2651 1433 2688 nec
1449 2651 1494 2704 ne,
1511 2635 1551 2687 eis

310 2737 369 2774 non
384 2738 487 2775 sumus
502 2725 553 2777 usi.
565 2754 591 2763 -

852 2867 890 2935 A.
912 2869 1012 2933 1510:

360 3003 435 3071 360.
446 3044 486 3051 --
496 3005 542 3079 t'S.
551 3006 770 3073 Bernartius.
783 3005 829 3068 lu
838 3008 1011 3085 rorctorrqitu
1024 3004 1143 3067 orooro.
1154 3008 1210 3087 --t
1224 3002 1253 3065 F
1267 3014 1280 3065 1
1295 3000 1379 3065 Tit:
1396 3000 1551 3066 Libellus

305 3090 469 3154 metricus
486 3093 524 3155 dc
543 3093 726 3173 (leutrrupbr.
741 3093 862 3156 oriundi.
879 3087 1418 3155 MoralitutosFaceti,Parabole
1434 3088 1549 3153 Alani.

307 3176 395 3242 Oum
418 3178 578 3242 familiari
603 3179 887 3243 commentariolo
912 3176 1239 3260 constructioneque
1263 3174 1464 3259 diligentius
1488 3176 1549 3239 im-

305 3287 445 3350 pressae
459 3266 496 3337 tl
514 3266 631 3331 Codex
649 3266 690 3331 ad
706 3266 906 3330 Lecturam:

461 3351 617 3416 Moribus
633 3353 829 3438 incomptus
845 3352 913 3415 fert
929 3373 1058 3415 cornua
1073 3372 1205 3436 pauper
1221 3348 1344 3414 amaris

513 3439 652 3524 Itingit:
670 3449 705 3504 et
720 3439 850 3503 insanis
864 3439 1029 3502 blatterat
1044 3444 1145 3523 turpe
1161 3437 1279 3500 melos

464 3525 521 3589 Me
537 3526 631 3611 lege:
648 3527 674 3591 si
694 3526 798 3591 docili
815 3525 947 3610 gaiides
964 3546 1186 3589 concrescere
1200 3545 1306 3589 vena:

512 3613 667 3678 Moribus
682 3613 833 3698 antiquis
847 3635 926 3677 nam
943 3612 1006 3676 tibi
1023 3620 1143 3694 gratus
1160 3632 1230 3675 er0.

361 3700 490 3763 Flvo:
507 3700 636 3785 Incipit
652 3700 741 3764 liber
757 3702 800 3763 dc
817 3706 1018 3785 contemptu
1034 3698 1164 3763 numdi.

461 3785 602 3851 Cartala
618 3795 736 3851 irostre
752 3787 814 3851 tibi
832 3787 973 3851 mandat
989 3785 1115 3850 dilecte
1130 3786 1275 3850 salutes:
1294 3784 1399 3867 (etc).

359 3874 398 3935 [n
415 3872 500 3936 fine:
527 3874 670 3938 Glosule
690 3873 733 3937 (lc
754 3874 965 3959 (loiitcmptu
985 3873 1105 3937 muudi
1125 3872 1252 3937 finiunt
1272 3870 1431 3936 feliciter.
1447 3871 1550 3936 Anno

303 3958 340 4023 M
351 4009 358 4024 .
370 3960 514 4026 00000
526 4012 532 4025 .
543 3962 587 4025 X.
600 4000 634 4009 -

357 4064 394 4117 4⁰.
415 4062 458 4118 ch.
479 4063 528 4118 lat.
547 4063 580 4116 33
592 4064 620 4117 ff.
639 4082 667 4119 u.
687 4082 805 4132 numm,
824 4081 890 4117 cum
909 4066 982 4132 sign.
1003 4066 1067 4118 sine
1087 4069 1170 4130 cust..
1189 4062 1208 4116 l.
1222 4069 1251 4116 et
1264 4069 1283 4117 t.
1297 4061 1552 4133 u.-(Sequuntur

303 4149 369 4203 libri
384 4150 518 4217 „Faceti“
533 4157 563 4205 et
576 4151 801 4222 „Parabolarum
813 4150 916 4203 Alani“
927 4169 991 4203 cum
1004 4153 1162 4217 signaturis
1173 4168 1190 4203 a
1201 4150 1285 4203 litera
1295 4151 1320 4203 Α
1332 4151 1552 4220 incipientibus;

305 4254 357 4292 eos
370 4238 406 4291 ed
420 4238 495 4292 idom
510 4238 659 4308 exciuplar
672 4240 827 4308 pertinere,
840 4244 922 4307 patet·
935 4256 971 4291 ex
983 4240 1174 4309 inscriptione
1187 4254 1277 4307 supra
1289 4235 1425 4306 arrogata.
1444 4237 1480 4291 In
1494 4240 1550 4291 tine

305 4325 481 4396 exemplaris
494 4325 680 4379 Monacensis
693 4324 813 4393 legitur:
828 4325 1026 4394 „Impressum
1040 4325 1198 4392 Argentine
1212 4342 1264 4394 per
1281 4323 1442 4378 honestum
1454 4326 1549 4378 virum

305 4413 449 4475 Ioannem
462 4412 689 4481 knobloucbum,
703 4411 797 4465 ultera
809 4410 855 4465 die
868 4418 934 4481 post
948 4412 1166 4465 Purificationis
1177 4410 1307 4480 gloriose
1318 4412 1441 4480 virginis
1451 4412 1549 4466 Maris.

304 4502 392 4553 Anno
411 4499 520 4552 domini
534 4498 693 4552 Millesimo
713 4499 948 4567 quingentesimo
968 4498 1113 4560 decimo“;
1131 4499 1160 4551 in
1179 4497 1238 4551 fine
1256 4504 1356 4550 nutem
1375 4497 1550 4568 exemplaris

304 4586 555 4641 Vindobonensis:
569 4585 765 4655 „Absolutum
774 4584 870 4639 denuo
881 4588 1071 4654 Argentoraci
1082 4588 1112 4639 in
1122 4586 1313 4655 impressoria
1321 4585 1442 4639 Ioannis
1449 4586 1550 4639 Kneb·

303 4673 412 4746 leuchij
433 4673 563 4729 taberne.
584 4677 670 4728 Anno
692 4672 800 4727 domiui
824 4690 914 4745 supra
934 4674 1123 4729 Millesimum
1147 4673 1415 4744 quingentesimum
1437 4670 1549 4727 decimo
