3240 5242
574 418 728 526 ,ἕὲ

21 618 180 686 doctoris
200 616 357 683 melliflui
379 617 494 683 verbis
513 640 584 684 non
603 641 725 706 parum
747 616 875 700 ditatis,
895 615 983 681 nihil
1004 615 1175 683 dicamus:
1199 641 1276 706 per·

22 707 155 772 multae
177 708 262 771 vitae
282 704 357 791 ejus
380 705 485 770 variis
508 705 686 770 hominum
713 703 899 790 generibus
922 710 958 768 et
977 704 1149 770 aetatibus
1173 705 1276 771 desti-

21 802 137 877 natae,
162 814 235 858 non
254 798 389 857 tantum
409 792 585 858 breviores
606 793 668 857 sed
690 792 794 856 etiarn
810 790 968 876 majores,
984 791 1019 855 in
1039 791 1153 856 lucem
1169 815 1276 858 emer-

23 889 156 962 serunt,
172 879 323 945 fontium
339 879 590 944 studiosissime
607 879 894 963 investigatorum
911 885 1017 942 testes
1033 877 1277 964 perfectaeque

23 972 145 1053 (quam
170 966 420 1049 desideramus)
443 965 608 1031 historiae
633 966 667 1031 S.
691 964 860 1030 Bernardi
882 986 1134 1051 praecursores,
1158 967 1276 1051 666166

24 1075 257 1141 composuere
280 1053 346 1117 viri
370 1052 551 1117 clarissimi
576 1053 617 1119 G.
643 1052 848 1134 Ohevallier,
872 1073 1066 1136 anonymus
1085 1052 1277 1119 monachus

23 1140 239 1223 Lerinensis,
259 1141 284 1205 J
285 1140 415 1204 acobus
432 1139 730 1223 Cotterhlorison,
744 1140 922 1224 Augustus
938 1139 970 1202 N
973 1139 1100 1204 eander
1115 1147 1151 1203 61
1166 1139 1277 1205 Theo-

24 1227 132 1294 dorus
148 1227 366 1293 Ratisbonne
383 1266 409 1275 -
426 1249 572 1311 quorum
587 1226 819 1314 posteriorum
835 1225 914 1290 libri
940 1224 975 1289 in
1000 1225 1182 1311 anglicam,
1205 1226 1277 1291 bel·

22 1314 151 1400 gicam,
168 1313 341 1399 gallicam,
353 1313 596 1398 germanicam,
609 1313 834 1400 hispanicam,
847 1312 999 1377 italicam
1015 1313 1170 1398 linguam
1186 1313 1277 1379 versi

23 1409 124 1483 sunt,
147 1400 341 1486 adjicimus,
359 1423 448 1484 6666
462 1400 634 1486 Georgius
646 1400 769 1465 Hiiffer
789 1407 824 1464 61
835 1399 1018 1464 Eduardus
1031 1399 1236 1465 Vacandard
1249 1440 1276 1450 -

24 1487 222 1573 exquisitae
247 1487 424 1553 doctrinae
445 1488 604 1552 homines
620 1526 654 1536 —
670 1509 830 1572 magnam
855 1487 889 1550 S.
906 1486 1075 1551 Bernardi
1097 1486 1277 1552 historiam

23 1575 247 1658 meditantes,
268 1596 356 1659 quae
373 1574 565 1639 doctissimi
584 1574 650 1640 uin¹
670 1574 763 1639 (111.
780 1574 995 1655 unaunou,
1013 1573 1157 1639 Carolus
1177 1575 1277 1640 1666-

23 1662 117 1749 phns
141 1662 267 1726 Hel'ele
297 1661 530 1748 permultiqne
554 1660 611 1726 6111
643 1684 757 1725 rerum
779 1668 955 1745 gestarum
979 1660 1166 1745 scriptores
1188 1660 1230 1725 de
1250 1684 1276 1727 6.

24 1748 167 1836 11611661
190 1748 300 1815 1166111
324 1748 410 1814 actis
425 1756 506 1836 post
521 1747 790 1835 profundissima
805 1747 921 1812 studia
937 1747 1133 1812 ediderunt!
1157 1748 1278 1833 Neque

25 1836 170 1901 silentio
193 1835 380 1922 praeterire
403 1835 487 1900 11661
504 1838 712 1919 panegyricos
726 1858 746 1900 a
760 1833 1018 1900 facundissimis
1033 1833 1138 1920 hujus
1155 1835 1279 1900 aetatis

25 1921 225 1989 oratoribus
242 1921 276 1987 S.
288 1922 467 1987 Bernardo
489 1922 611 2006 dictos,
632 1921 930 2008 trequentissimos
950 1929 1118 1986 tractatus
1139 1922 1182 1987 de
1203 1921 1278 2008 ejus

26 2009 218 2094 theologia,
249 2008 470 2096 philosophia
493 2018 528 2073 et
554 2009 764 2094 eloquentia,
793 2008 835 2073 de
864 2007 1113 2093 antiquissimis
1137 2030 1280 2096 operum

26 2095 250 2162 versionibus
273 2118 460 2180 earumque
482 2096 599 2161 indole
616 2104 681 2161 616.
698 2102 856 2161 exaratos
881 2102 915 2159 et
962 2095 1140 2160 raesertim
1156 2118 1279 2183 appro-

26 2184 221 2271 pinquante
246 2205 336 2248 anno
357 2183 525 2247 saeculari
545 2181 735 2248 nativitatis
751 2182 785 2248 S.
801 2118 971 2247 Bernardi
987 2181 1279 2268 multiplicatos-

27 2278 137 2336 testes
170 2270 359 2335 immensae
382 2270 626 2354 venerationis,
655 2293 723 2355 qua
753 2270 853 2334 divus
876 2269 930 2333 vir
960 2269 1088 2354 ubique
1111 2276 1280 2335 terrarum

27 2356 166 2423 fruitur.
191 2356 260 2422 Sed
283 2364 425 2444 propter
447 2356 510 2423 hos
539 2356 863 2444 „Bibliographiae“
886 2356 1034 2421 lectores
1059 2356 1101 2421 ad
1127 2355 1279 2422 indicem

26 2443 286 2509 Bernardinum
306 2443 523 2508 remittimus.
540 2483 567 2493 -

136 2531 192 2595 Ex
208 2529 310 2595 dictis
326 2538 433 2617 patet,
453 2530 555 2597 nobis
575 2540 655 2618 post
672 2530 956 2617 diligentissimae
975 2529 1218 2615 inquisitiones
1235 2553 1279 2596 ex

29 2617 246 2683 editionibus
258 2616 408 2715 Operum
422 2617 455 2682 S.
469 2617 637 2683 Bernardi
653 2618 734 2683 inde
752 2618 795 2682 ab
811 2617 912 2682 initio
929 2616 1059 2682 saeculi
1071 2617 1158 2682 XVI
1170 2640 1280 2703 66666

29 2705 74 2770 ad
95 2716 235 2770 nostros
260 2704 390 2769 diesin
413 2705 527 2770 lucem
550 2704 684 2770 emissis
707 2705 795 2788 OIV,
816 2727 877 2769 seu
898 2704 1056 2769 deductis
1075 2704 1200 2769 XXVI
1219 2705 1280 2769 du-

27 2792 97 2857 biis
123 2791 264 2858 omnino
286 2801 397 2857 certas
418 2792 610 2857 LXXVIII
635 2791 828 2858 innotuisse
852 2813 1036 2875 earumque
1056 2791 1281 2877 praestantis·

29 2879 154 2943 simam
179 2900 254 2943 6666
277 2877 562 2944 Mabillonianam
586 2879 667 2944 anni
697 2890 790 2962 1690,
812 2879 1034 2965 postmodum
1062 2885 1198 2943 auctam
1219 2878 1281 2944 ho-

30 2965 158 3051 dieque
187 2965 300 3030 adhuc
322 2966 512 3048 valentem;
540 2986 642 3053 porro
671 2966 815 3031 eandem
835 2965 879 3030 ad
901 2966 974 3030 sola
1001 2964 1153 3050 genuina
1176 2986 1282 3051 opera

28 3053 209 3118 redactam
231 3051 411 3136 tribusque
434 3052 536 3118 tomis
558 3053 688 3118 formae
712 3052 855 3118 minoris
879 3052 1081 3138 impressam
1108 3074 1193 3117 esse.
1221 3051 1279 3116 Sic

29 3146 115 3205 voto
129 3139 310 3204 Bertraridi
328 3140 447 3205 Tissicr
467 3139 604 3225 (prioris
625 3139 856 3206 Boni-Fontis
879 3139 915 3203 in
935 3138 1123 3204 Therasoia
1142 3138 1280 3204 Ordinis

30 3225 285 3309 Cisterciensis,
311 3229 370 3311 qui
394 3225 469 3313 ipse
489 3248 615 3292 novam
639 3227 789 3324 Operum
813 3226 1001 3291 editionem
1023 3224 1280 3310 meditabatur,

31 3312 216 3398 conquesti
237 3313 341 3399 (apud
360 3312 565 3379 Oasimirum
586 3314 701 3378 Oudin
717 3313 753 3377 in
770 3314 961 3380 Comment.
979 3314 1021 3377 de
1036 3311 1178 3410 Scriptt.
1196 3335 1279 3378 ecc.

30 3400 76 3466 IL
101 3403 217 3485 1241):
241 3421 302 3485 ,eo
322 3399 436 3465 minus
457 3399 526 3486 legi
547 3422 651 3487 opera
670 3400 713 3464 D.
736 3400 916 3483 Bernardi,
936 3422 1004 3485 quo
1025 3399 1147 3465 61161116
1169 3398 1281 3484 magis

32 3495 308 3573 aggravarentur
338 3495 373 3552 et
403 3495 587 3569 tumerent,
618 3510 638 3552 a
666 3486 792 3571 quibus
816 3487 999 3573 purganda
1025 3493 1151 3570 essent,
1180 3494 1219 3551 ut
1245 3494 1282 3551 et

31 3573 233 3660 legentibus
261 3574 414 3638 taedium
442 3574 623 3639 tolleretur
650 3584 685 3638 et
713 3575 901 3638 ementium
928 3573 1096 3661 pecuniae
1123 3595 1281 3660 parcere-

31 3671 99 3744 tur,
122 3659 227 3748 pretii
252 3660 394 3726 dimidia
416 3661 489 3725 fere
511 3669 608 3747 parte
632 3661 1109 3726 imminuta“-satisfactum
1132 3660 1281 3745 quidem,

32 3747 94 3813 sed
117 3769 284 3813 numerus
306 3756 420 3813 tomos
444 3747 523 3813 illos
545 3749 736 3834 legentium
762 3748 903 3812 minime
931 3757 1054 3813 auctus
1081 3755 1143 3812 661.
1173 3746 1281 3832 Oujus

31 3834 81 3901 161
108 3835 200 3900 16116
227 3833 315 3899 haec
341 3834 442 3899 nobis
470 3857 545 3899 6666
573 3835 720 3918 videtur,
747 3836 851 3920 quod,
879 3857 958 3899 cnm
979 3834 1187 3899 vetustiores
1211 3834 1282 3898 edi-

31 3923 147 3988 tiones
163 3929 265 3987 vasto
281 3929 450 4007 apparatu
465 3928 500 3985 61
514 3922 729 3987 voluminum
748 3923 901 4009 pondere
923 3923 1146 4005 deterrerent,
1164 3944 1282 3986 recen·

32 4010 141 4075 tiores
163 4014 309 4096 propter
331 4008 505 4073 delectum
530 4009 642 4074 omnis
665 4009 809 4074 111616111
830 4009 1056 4074 additamenti
1077 4008 1281 4073 eruditiores

33 4097 182 4163 lectores
198 4096 260 4159 vix
279 4094 494 4178 invitabant;
520 4097 610 4161 unde
631 4096 781 4160 mediam
797 4096 896 4183 quasi
911 4096 1004 4162 viam
1019 4095 1282 4181 ingrediendam

35 4192 141 4270 atque
166 4204 295 4248 novam
323 4181 512 4247 editionem
539 4183 604 4248 hac
632 4184 764 4249 ratione
793 4190 827 4248 et
853 4183 911 4248 via
941 4183 1176 4249 adornandam
1206 4204 1281 4247 6666

36 4292 230 4359 opinamur.

135 4356 313 4445 Inspectis
330 4355 511 4421 codicibus
527 4378 670 4443 operum
688 4359 721 4421 S.
737 4357 906 4421 Bernardi
923 4357 959 4420 in
974 4357 1103 4442 Anglia
1120 4365 1169 4439 (et
1180 4378 1282 4506 prae-

34 4446 152 4511 sertim
179 4445 217 4508 in
246 4443 462 4508 bibliotheca
489 4443 830 4529 Oheltenhamiensi),
858 4444 894 4508 in
920 4444 1092 4530 Hispania
1119 4450 1154 4507 61
1199 4442 1283 4507 16116

33 4531 226 4598 adservatis
243 4569 278 4579 -
294 4538 417 4617 utpote
441 4529 485 4593 ab
508 4530 761 4615 antiquioribus
785 4529 976 4596 editoribus
992 4530 1051 4595 vix
1066 4537 1126 4595 aut
1141 4528 1281 4594 omnino

32 4641 100 4687 non
124 4617 306 4700 adhibitis,
331 4622 433 4683 1611116
449 4617 705 4684 Muhilloniunns
720 4656 754 4667 -—
770 4641 872 4716 66616
890 4617 1064 4682 emendari
1080 4624 1116 4681 et
1129 4638 1231 4703 posse
1248 4622 1283 4680 et

33 4706 157 4774 debere
191 4729 235 4772 ex
264 4703 446 4770 codicibus
473 4703 517 4767 ad
547 4703 768 4790 ,Sermones“
800 4726 836 4768 1n
866 4704 1010 4786 ,Xeniis
1037 4701 1280 4769 Bernardinis“
