3226 5234
761 309 849 377 XIV

283 514 335 572 48.
357 502 400 569 111
421 500 673 593 Epiphaniam:

546 592 735 675 eadamque
757 593 874 660 oootam
895 592 1060 675 quaeritis,

547 678 637 746 Ooios
660 681 695 745 in
716 681 817 746 altum
839 681 946 747 tollite.
960 717 988 728 -

285 776 336 832 49.
359 764 503 852 Hymni.
529 776 558 831 1.
580 766 760 833 Recordare
772 767 883 851 frater
899 769 965 849 pie.

527 865 557 918 2.
580 853 760 920 Rooordare
780 859 908 921 saraae
931 854 1041 920 oratio.
1059 890 1087 901 -

285 950 337 1006 50.
369 939 583 1027 Rhythmioa
616 940 728 1007 oratio
763 941 806 1006 ad
839 963 947 1006 unum
980 939 1162 1026 quodlibet
1195 939 1432 1005 membrorum

181 1026 311 1095 Christi
329 1026 495 1115 patientis
515 1034 551 1093 at
573 1049 594 1092 a
613 1050 714 1093 oruoa
733 1028 927 1115 pendentis.
952 1029 965 1114 t
989 1026 1107 1092 Oratio
1132 1025 1252 1091 divina
1271 1034 1309 1091 et
1329 1026 1432 1093 devo-

179 1114 323 1198 tissima,
349 1136 452 1201 quam
474 1113 560 1180 fecit
582 1114 617 1180 S.
633 1115 841 1199 Bernardus,
866 1078 1004 1200 quanrio
1026 1113 1142 1199 imago
1162 1113 1357 1180 Salvatoris
1380 1134 1433 1179 eo-

179 1201 264 1268 lutis
286 1201 439 1267 brachiis
464 1202 506 1267 de
531 1224 632 1267 oruoa
657 1202 853 1289 amplexata
876 1210 928 1267 est
951 1200 1076 1285 παῦ’).

315 1288 371 1353 Ad
394 1288 522 1354 Pedes:
548 1290 642 1354 Sator
663 1291 776 1354 mundi
797 1291 948 1356 satutare.

300 1375 355 1440 Ad
382 1375 522 1442 Genua:
548 1376 651 1453 Sata,
674 1377 764 1453 Josa,
788 1398 844 1442 raa
867 1376 1063 1441 Sanotomm.

462 1463 522 1527 al.:
548 1462 650 1539 Saloe,
674 1465 769 1540 salvo,
793 1484 849 1529 rex
868 1463 1065 1528 Saootomm.

302 1549 523 1615 nonanus:
549 1550 652 1627 Saloe,
675 1551 764 1627 deso,
786 1555 897 1631 partor
919 1549 1004 1614 boae.

465 1636 524 1701 el.:
549 1637 651 1713 Saloe,
675 1638 770 1713 satae,
793 1637 874 1703 Jesa
896 1637 981 1712 boae,

451 1723 524 1787 vel:
549 1724 671 1789 Manus
693 1729 821 1789 sanotae
843 1729 897 1787 eto.

320 1810 377 1875 Ad
400 1809 526 1875 Latus:
552 1809 654 1887 Sator,
678 1811 767 1888 ilem,
792 1832 909 1876 errotmo
932 1810 1040 1875 boam.

301 1897 357 1962 Ad
382 1896 526 1962 Pectus:
552 1896 654 1974 Saloe,
679 1897 776 1963 Salus
798 1920 877 1974 mea,
901 1896 1000 1961 Deus.

361 1984 416 2048 Ad
441 1983 525 2050 Cor:
552 1984 675 2049 Summi
696 1985 793 2067 limis
817 2007 868 2050 ror
890 1989 986 2049 aveto.

287 2071 342 2135 Ad
366 2070 524 2136 Faciem:
550 2071 653 2147 Saloe,
681 2072 785 2154 Cap-ot
808 2076 1012 2137 orurmtatam.
1031 2106 1065 2117 -

289 2169 341 2222 51.
364 2158 521 2223 Deliciae
544 2157 676 2223 Mariae
692 2158 857 2257 VirgirriS‚
884 2158 943 2222 aL:
971 2154 1112 2222 Jubilus
1136 2152 1170 2218 S.
1194 2152 1369 2217 Barnardi
1392 2150 1433 2217 od

184 2245 225 2309 Β.
248 2243 393 2309 Mariam
410 2244 589 2329 Virginem
613 2245 655 2309 de
679 2244 839 2312 omnlbue
863 2243 997 2309 delioiis
1021 2242 1193 2328 ejusdem:

549 2331 650 2408 Saloe,
673 2338 784 2398 saneta
807 2337 908 2397 mater
929 2331 1002 2407 Dei,

548 2419 659 2484 Radia
680 2422 772 2495 vitae,
798 2420 893 2485 robur
913 2420 990 2500 spei.
1008 2454 1041 2465 -

291 2516 341 2571 52.
364 2505 535 2591 Rhythmi
555 2512 689 2571 vetares
714 2505 849 2570 devita
871 2503 1072 2586 monastica,
1097 2502 1156 2566 eL:
1180 2498 1368 2567 Diotamen
1392 2498 1434 2566 ad

184 2592 382 2677 religiosos:

601 2680 638 2745 Si
660 2683 709 2746 oie
732 2702 797 2745 esse
820 2679 987 2754 coenobita,

600 2766 708 2848 Hujus
730 2769 813 2831 vitae
835 2767 922 2831 viam
942 2766 1019 2830 vita.
1036 2802 1062 2811 -

292 2864 342 2920 53.
365 2854 477 2920 Metra
499 2876 562 2941 pro
587 2852 827 2919 aedificatione
853 2873 987 2918 morum
1015 2849 1169 2916 omnium
1191 2848 1268 2914 Deo
1296 2846 1434 2914 dodica·

185 2951 318 3009 torum:

439 3028 476 3093 Si
498 3030 546 3095 ois
566 3028 712 3112 qaudam,
737 3029 865 3092 studeas
888 3029 923 3090 in
942 3048 1020 3108 paor
1041 3026 1142 3091 silere.
1160 3061 1187 3071 -

293 3125 342 3181 54.
367 3115 485 3180 Oratio
510 3116 636 3180 devota
659 3114 701 3178 ad
725 3113 912 3178 Dominum
936 3114 1058 3179 Jesum
1082 3118 1117 3176 et
1138 3110 1180 3174 B.
1203 3108 1369 3176 Mariam:

499 3203 625 3267 Sumam
647 3204 763 3267 sommi
786 3208 818 3265 to
842 3200 954 3266 Patris
976 3201 1074 3275 onice,

497 3289 617 3354 Mundi
640 3288 747 3353 Faber
769 3294 796 3353 ot
819 3292 919 3353 rector
931 3288 1089 3369 fabricae.
1107 3322 1134 3331 -

292 3387 343 3440 55.
367 3375 532 3441 Planctus
555 3374 734 3458 Bernardi‚
760 3375 819 3439 al.:
846 3374 999 3439 Granum
1022 3369 1212 3460 passionis:

439 3463 481 3528 Tr
504 3469 537 3527 ut
560 3465 595 3526 im
617 3464 800 3527 memoriam
821 3482 966 3535 reoooem,
992 3458 1148 3533 Salvator,

439 3550 524 3614 Mihi
549 3550 792 3631 beoianissimzm
814 3549 905 3613 adsis
928 3548 1111 3611 consolator.
1129 3582 1156 3591 -

293 3647 343 3700 56.
366 3635 573 3701 Exhortatio
599 3636 642 3699 ad
667 3635 926 3700 contritionem:

553 3723 598 3786 Ta
622 3725 676 3804 qai
691 3723 777 3802 josto
797 3723 845 3785 oet
866 3721 990 3801 injuste.
1008 3759 1034 3766 -

294 3821 345 3877 bt.
368 3810 465 3875 Vieio
489 3808 689 3874 Philiberti:

417 3897 475 3960 Vir
496 3898 627 3978 quidam
651 3899 811 3961 exstiterat
834 3895 955 3958 dodam
977 3894 1138 3967 heremita,

418 3983 613 4049 Philae-ras
635 3982 846 4063 Francioma,
871 3981 959 4059 otius
982 3982 1084 4045 dalaia
1106 3980 1182 4054 vita,

419 4070 565 4135 Damio
588 4070 703 4133 otiando
728 4071 848 4144 oioeret,
872 4089 905 4133 se
928 4068 1057 4133 deduxit
1079 4068 1136 4130 ita.
1154 4102 1181 4111 -
