3240 5242
827 520 830 524 ,
860 424 935 523 .1.02
957 520 978 525 ..

281 618 481 674 institutione:
495 615 569 670 alias
582 612 716 669 doctrina
727 632 899 685 puerorrun3
918 624 948 669 et
960 618 1141 670 conectione
1154 633 1276 669 morum.
1290 611 1375 668 Scala
1386 612 1528 667 claustra-

281 704 366 763 lium:
377 705 441 758 siue
451 702 487 757 de
496 701 584 757 modo
594 702 704 758 orandi.
714 702 853 756 Formula
862 703 987 757 honeste
998 706 1067 757 vito.
1078 703 1296 757 Documentum
1308 700 1439 754 notabile
1452 703 1529 754 eiua·-

281 789 348 846 dem
359 792 489 845 materie.
503 789 660 860 Speculum
675 789 895 843 monachorum
910 789 1053 843 Doctrina
1068 789 1144 843 beati
1162 788 1311 843 Bor-nardi
1329 789 1432 842 Sermo
1450 787 1529 841 beati

280 876 422 932 Bernardi
441 879 471 930 in
483 876 601 931 laudem
614 884 645 931 et
657 876 942 931 commendationem
954 877 1039 931 beate
1052 877 1143 931 Narie
1155 878 1291 945 virginis:
1305 877 1394 946 priori
1408 877 1529 944 impres·

281 966 358 1020 sioni
376 963 503 1018 additus.
521 964 679 1018 Sermones
698 963 832 1017 nonnulli
850 964 887 1018 ab
905 964 970 1018 aliis
984 964 1130 1035 prioribus
1144 965 1321 1034 sequestrati
1336 980 1427 1032 quum
1440 979 1499 1014 non
1513 979 1530 1014 a

281 1057 385 1107 sancto
403 1050 553 1105 Bernardo
576 1050 704 1105 edit-ivisi
722 1051 752 1121 (!)
771 1053 839 1107 sint.
858 1051 994 1121 Epistola
1012 1050 1153 1106 Bemardi
1174 1051 1335 1105 siluestris:
1355 1048 1391 1103 de
1411 1066 1482 1103 cura
1501 1056 1530 1102 et

281 1140 422 1208 regimine
434 1139 477 1192 rei
489 1137 650 1192 familiaris.

333 1226 382 1279 Fi
393 1226 431 1297 (n.
441 1225 547 1294 num.):
559 1224 687 1279 Jalocu
698 1225 871 1279 t’liettoueaa
882 1225 909 1279 N
912 1226 1117 1296 neoportuensis
1132 1225 1265 1291 benignis
1277 1223 1438 1277 lectoribus
1451 1223 1528 1277 salu-

283 1318 345 1367 tem
360 1313 479 1383 (quibus
492 1311 590 1383 Opera
602 1310 636 1366 D.
650 1311 792 1365 Bernardi
806 1313 940 1384 impense
956 1311 1160 1381 commendat).
1180 1311 1221 1365 lb.
1238 1311 1423 1365 Terracinae
1438 1327 1527 1364 arcea-

280 1400 398 1455 meant.
416 1399 586 1470 (Eloquium
603 1406 730 1453 castum:
750 1401 938 1454 sanctissima
952 1399 1103 1468 dogmata:
1123 1416 1228 1467 mores,
1246 1404 1300 1451 oto.
1321 1400 1398 1451 Sunt
1413 1397 1471 1451 ‹uu›
1489 1397 1529 1450 rii·

184 1556 188 1563 ,
283 1487 397 1545 stichal.
417 1487 459 1539 ib.
479 1486 533 1540 col.
552 1485 583 1539 2:
605 1486 651 1539 Ad
668 1485 863 1540 reuerendum
881 1489 910 1540 in
930 1487 1048 1543 Christo
1067 1494 1181 1556 patrem
1200 1485 1349 1538 domiuum
1370 1485 1528 1539 Micbuelem

281 1574 394 1629 bouem
406 1574 609 1643 lingonensem
624 1574 793 1643 episcopum
802 1571 906 1628 ducem
917 1591 952 1628 ac
963 1592 1063 1644 parem
1074 1575 1182 1627 francie
1192 1590 1280 1643 quarn
1293 1574 1529 1626 meritissimum:

283 1678 337 1715 sue
355 1660 497 1715 bonitatis
517 1662 641 1730 exiguus
660 1664 760 1712 orator
777 1660 881 1714 Frater
900 1660 1068 1715 Francisear
1084 1676 1199 1728 metrop
1218 1658 1448 1713 clareualleusis.

420 1747 480 1801 Ino.
516 1746 559 1801 'I'e
578 1764 763 1817 quocumque
781 1748 874 1803 i'eras:
893 1766 1039 1818 nusquam
1057 1747 1227 1817 dignissime
1245 1746 1344 1816 presul

559 1834 626 1888 Hoc
644 1840 674 1888 te
692 1833 833 1888 Bemardi
852 1834 951 1889 codice
969 1829 1115 1889 destituis.

405 1921 489 1992 Expl.
525 1920 708 1975 Beruardum
727 1922 828 1975 erebro
847 1921 966 1991 legites:
986 1938 1160 1993 semperque
1178 1920 1325 1991 profunda

560 2008 660 2063 Mente
677 2015 765 2062 notos
783 2010 878 2063 salicti
897 2007 1035 2079 dogmata
1052 2014 1155 2064 sancta
1173 2010 1235 2064 viri.

336 2095 412 2150 Sunt
430 2095 531 2149 XXVI
550 2094 693 2165 disticha).
720 2096 743 2149 l*
754 2098 830 2149 ivo:
855 2096 995 2151 dotamus
1014 2096 1114 2166 lt'yt'dij
1131 2098 1312 2150 rnreuriensis
1330 2094 1367 2148 nd
1384 2095 1529 2147 lectorem.

284 2183 370 2253 (Inet
392 2184 449 2236 Dat
469 2183 521 2237 tibi
541 2182 700 2237 mellilluus
718 2183 843 2237 secunda
863 2183 1012 2237 volumine
1031 2184 1133 2237 ‹lootor
1152 2191 1220 2239 etc.:
1240 2187 1311 2235 sunt
1329 2182 1358 2235 X
1377 2181 1464 2251 dist).
1491 2180 1529 2232 [b.

283 2270 337 2323 ool.
351 2271 379 2323 *λε
394 2268 440 2322 Ad
454 2270 567 2323 librum.
587 2271 673 2339 (hrot
690 2271 704 2323 Ι
719 2288 809 2324 nuno:
827 2269 988 2325 otiandum
1004 2277 1100 2324 totum
1114 2269 1262 2324 bernarde
1275 2288 1327 2339 per
1340 2269 1448 2338 orbem,
1462 2274 1530 2322 etc:

283 2449 380 2497 totum
394 2443 536 2497 bernardo
547 2462 601 2514 per
612 2445 721 2512 orbem,
735 2449 804 2503 cte.;
824 2450 894 2498 sunt
908 2445 953 2497 III
967 2444 1054 2512 dist).
1074 2444 1097 2496 l·
1107 2446 1136 2497 3:
1157 2444 1264 2512 incipit
1277 2443 1406 2496 l'refatio
1420 2441 1528 2495 domiui

283 2530 436 2585 Guillermi
449 2530 564 2585 abbatie
585 2533 613 2584 in
634 2534 725 2585 vitam
742 2534 835 2585 semoti
850 2531 991 2585 Beruardi
1006 2531 1092 2602 (etc).
1112 2531 1186 2583 l'ost
1202 2529 1320 2582 titulum
1336 2535 1366 2582 et
1381 2529 1415 2580 59
1426 2528 1454 2581 ff.
1471 2545 1530 2581 nou

283 2635 392 2671 numm.
411 2618 543 2687 (Summa
559 2643 588 2664 ·.:
601 2620 646 2684 bb)
662 2619 799 2687 leguntur
815 2619 901 2673 haec:
921 2620 1030 2672 Deuoti
1046 2618 1123 2689 (etc.)
1141 2616 1279 2671 Bernunli
1298 2615 1375 2685 (eto.)
1392 2617 1532 2684 suaptim

282 2705 398 2771 scripto:
419 2703 551 2770 diligent-i
572 2723 642 2758 eura
663 2724 728 2757 curn
751 2704 911 2775 architpqris
934 2705 1109 2759 bibliothece
1130 2703 1205 2758 dicte
1227 2703 1406 2758 olareuallis:
1429 2722 1447 2756 a
1464 2721 1531 2758 truri-

282 2791 368 2844 mcilia
385 2790 501 2856 ejuulem
517 2793 614 2845 domu-s·
632 2793 778 2861 reiipiom'a:
800 2794 983 2846 rtveraciora
995 2792 1025 2863 (l)
1038 2811 1072 2846 aa
1091 2791 1291 2845 ememlatiora
1308 2794 1339 2843 in
1354 2791 1449 2844 lucem
1465 2810 1531 2862 pro-

284 2876 392 2931 dirent:
412 2878 520 2933 collata
531 2898 565 2933 ac
578 2880 613 2933 ab
627 2882 671 2934 ais
683 2883 834 2949 recognita
849 2881 934 2950 (etc).
954 2882 1123 2950 Sequuntur
1139 2880 1168 2932 tl'.
1182 2879 1228 2932 19-1
1252 2896 1374 2933 numm:
1394 2880 1408 2929 -l
1428 2881 1456 2934 ll'.
1472 2898 1530 2932 non

283 2982 406 3027 numrn.;
423 2966 471 3019 154
488 2967 516 3020 ll'.
536 2985 660 3025 nurnm.;
676 2969 710 3020 ln
726 2985 848 3027 uumm.;
864 2968 881 3017 :3
897 2986 957 3019 nou
973 2986 1096 3029 nurmu.;
1113 2968 1282 3022 summatim
1297 2968 1385 3022 inoff.
1396 2985 1462 3020 oum
1478 2970 1530 3037 sig.

284 3069 308 3107 e.
322 3062 410 3113 cust.;
424 3053 473 3106 fol.

337 3139 373 3191 In
393 3141 466 3194 line:
485 3139 620 3195 Melliflui
635 3141 795 3212 ‹lerrotiquu
810 3142 939 3195 doctoris
953 3142 1014 3194 diui
1027 3140 1166 3195 liei-nardi
1179 3141 1400 3195 clurunallcnsis
1414 3142 1530 3196 abbatis

285 3226 439 3296 seraphica
452 3230 562 3298 scripta
573 3228 610 3281 ad
623 3231 834 3298 omnipotentis
847 3228 903 3299 dei,
916 3231 981 3283 eius
993 3232 1165 3281 intemerate
1178 3230 1281 3281 matris
1292 3230 1413 3297 virginis
1425 3232 1529 3282 marie:

284 3315 473 3384 omniumque
489 3332 683 3385 supernorum
700 3318 807 3369 ciuium
822 3317 947 3385 gloriam
960 3323 990 3370 et
1007 3316 1161 3370 homnem:
1180 3326 1268 3385 atrqrm
1286 3315 1450 3369 orthodoxo
1465 3316 1532 3369 lidei

284 3400 493 3455 exaltationem
512 3421 625 3456 necnon
647 3404 883 3473 illustrationem,
901 3405 1121 3457 accuratissime
1142 3404 1305 3471 recognita:
1330 3409 1465 3473 optatum
1485 3403 1531 3457 hic

285 3486 402 3542 tandem
417 3492 582 3543 ¹sortiuntur
596 3494 697 3544 tinem:
714 3492 863 3561 impressa
876 3493 904 3544 in
918 3493 1024 3560 insigni
1037 3490 1228 3559 Lugdunensi
1241 3492 1372 3559 emporio
1387 3470 1532 3543 industria

285 3581 315 3629 et
326 3576 468 3645 impensis
482 3577 563 3646 probi
580 3579 631 3631 viri
641 3578 788 3633 Jolrannie·
798 3578 881 3649 uleyn
895 3577 1040 3632 alemanni
1051 3577 1255 3646 clraleographi
1266 3584 1356 3647 atque
1367 3577 1531 3647 bibliopola.

283 3662 425 3716 Extrema
442 3680 548 3717 manus
564 3666 700 3734 apposita
715 3665 772 3717 lirit
787 3683 864 3717 auno
881 3665 987 3719 salutis
1003 3675 1104 3719 nostre
1116 3664 1179 3729 XV.
1193 3682 1283 3734 supra
1298 3664 1487 3718 millesimum
1503 3664 1532 3734 (ἱ)

283 3765 386 3803 mense
404 3748 495 3819 aprili.
514 3750 623 3821 Insign.
643 3757 703 3822 typ.

338 3836 503 3907 (Buxhoim,
514 3836 607 3891 Catal.
618 3838 652 3891 N.
667 3840 881 3893 lta-Contio·
891 3839 989 3892 XXII.
999 3842 1059 3891 tot.
1070 3870 1094 3877 -
1103 3838 1273 3893 Glemeucet
1282 3840 1340 3893 391.
1351 3871 1378 3878 —
1388 3839 1465 3893 Hist.
1478 3838 1531 3892 lin.

285 3920 322 3976 de
340 3922 369 3976 la
381 3923 492 3976 Franco
509 3923 594 3977 XIII.
610 3926 669 3979 218.
686 3927 746 3978 2:³1.
757 3958 776 3963 -
792 3926 931 3979 Mabillon
944 3927 967 3979 l.
987 3928 1017 3979 in
1034 3927 1129 3979 I’rnef.
1140 3958 1164 3964 —
1175 3928 1296 3993 I'anzer,
1312 3928 1388 3980 Anu.
1405 3932 1464 3995 typ.
1479 3925 1530 3978 XI.

284 4008 344 4061 450.
355 4009 389 4062 N.
399 4010 458 4065 27⁴2.
468 4041 494 4049 -
505 4010 671 4064 Rosenilral
684 4011 775 4065 Catal.
789 4015 830 4065 liii.
845 4013 878 4065 N.
889 4013 948 4066 470.
1001 4014 1052 4067 Vn.
1063 4032 1099 4067 ex
1113 4014 1244 4067 biblioth.
1258 4013 1346 4083 palat.
1361 4014 1495 4081 Monac).
1507 4044 1530 4051 -

340 4156 468 4224 389.-
480 4159 514 4225 S.
531 4160 750 4227 Bernartius.
771 4165 883 4242 Opera.
900 4161 1058 4225 Venetiis
1078 4174 1170 4225 1515.
1188 4178 1205 4226 u
1224 4162 1301 4226 coll.
1320 4166 1365 4226 4⁰.
1383 4202 1407 4209 -

338 4260 496 4330 (Scriptum
516 4280 582 4315 esse
601 4261 717 4315 vitietur
732 4263 888 4332 „Venerine
907 4283 959 4333 pro
976 4265 1228 4334 „1.1qale›ii‘·;illa
1247 4268 1324 4318 eninr
1343 4264 1433 4319 editio
1452 4266 1533 4319 nulla

285 4347 399 4400 ratione
418 4348 566 4417 probatur.
580 4379 604 4386 -
615 4348 703 4404 Cave.
713 4380 738 4387 -
749 4350 884 4404 Olearius
903 4350 927 4404 I.
948 4352 1017 4421 129).
1027 4381 1053 4390 -

343 4496 526 4575 titt—(s.
542 4498 761 4565 Bernartius,
782 4501 957 4575 Orationes,
975 4523 1084 4565 aaron.
1102 4510 1157 4584 --)
1179 4501 1262 4565 Tit:
1281 4502 1349 4566 Iler
1366 4503 1428 4567 sele
1442 4503 1532 4585 rych-

286 4584 412 4663 Icslycb.
437 4583 477 4645 Iu
499 4584 583 4647 lino:
606 4584 831 4649 Glrorlrrieket
854 4587 944 4651 vnde
968 4588 1159 4651 i'ulleendct
1174 4588 1291 4652 llorch
1308 4589 1532 4653 Loriewiaum

284 4667 399 4755 Dyetz
414 4692 463 4755 yn
481 4672 542 4734 der
556 4678 627 4736 etat
638 4672 825 4738 Nozstbck.
842 4674 902 4737 des
918 4674 1188 4761 myddcwckene
1203 4698 1248 4739 nu
1265 4676 1362 4739 deme
1378 4677 1533 4761 eoudagu
