3240 5242
726 428 876 526 ..Q

178 626 294 684 mente
326 620 386 684 SS.
414 618 482 683 ΡΡ.
510 615 710 704 cumprimis
741 618 884 702 melliflui
914 622 950 681 et
976 614 1124 701 angelici
1151 616 1228 680 DD.
1256 615 1300 681 ad
1325 638 1428 687 usum

178 714 253 771 tum
269 705 553 772 scholasticorum
571 712 644 769 turn
661 704 945 771 concionatorum
963 725 1041 767 cum
1062 723 1197 767 annexa
1214 701 1329 768 indice
1346 726 1426 770 con-

180 792 358 858 cinnatum
382 793 588 879 opusculum
615 791 651 856 in
674 791 802 857 celebri
825 813 866 856 ae
890 790 1003 855 ducali
1032 790 1149 855 Austr.
1173 788 1272 855 infer.
1296 798 1332 856 et
1354 790 1427 856 ord.

180 879 492 946 Oist.1nonasteri0
511 878 618 943 Vallis
641 879 682 943 B.
706 878 750 944 M.
769 878 809 944 V.
835 879 877 943 sle
902 878 1039 963 Campo.
1055 876 1224 943 Liliorum
1248 900 1269 941 a
1282 877 1322 944 P.
1343 878 1428 944 Gaa-

180 968 256 1031 dido
271 967 390 1049 Bripcr
404 967 508 1032 Anno
527 976 619 1031 1731.
645 965 814 1031 Orembsii
830 963 1003 1046 Austriae,
1027 963 1121 1050 typis
1137 963 1266 1049 Ignatii
1281 963 1428 1030 Antonii

179 1054 304 1119 Praexl
330 1064 422 1120 1732.
438 1092 465 1101 —
490 1064 530 1117 62
553 1076 611 1139 pp.
636 1058 728 1118 4⁰.-

233 1157 310 1228 (Not.
330 1175 367 1212 ex
386 1157 518 1212 biblioth.
537 1162 664 1212 monast.
683 1155 847 1227 campilli).
861 1186 886 1193 -

237 1315 331 1383 1533.
347 1355 387 1362 —
400 1317 545 1398 Briqer:
575 1314 677 1397 Opera
697 1315 732 1378 ia
751 1315 807 1378 hoc
821 1313 938 1377 arundo
959 1312 997 1376 de
1014 1313 1071 1377 hoc
1095 1313 1220 1390 errando,
1245 1334 1306 1377 seu
1330 1319 1427 1378 actus

180 1402 321 1467 humani
348 1402 440 1485 mali,
465 1400 551 1466 vitia
575 1410 610 1465 ct
632 1408 785 1487 peccata.
808 1399 849 1463 In
873 1398 947 1462 lam
970 1399 1143 1463 secundae
1166 1399 1209 1463 D.
1232 1400 1428 1466 Thomaea

181 1498 314 1574 qrraest.
333 1500 382 1555 il.
401 1489 443 1553 ad
461 1500 512 1572 89,
537 1490 579 1553 acl
596 1497 746 1552 mentem
763 1510 806 1552 sa.
823 1485 891 1550 ΡΡ.
908 1485 1093 1572 praecipue
1109 1487 1253 1570 melliflui
1272 1495 1308 1551 et
1324 1508 1428 1572 ange-

183 1577 239 1640 lici
258 1578 334 1641 DD.
352 1576 387 1640 in
404 1575 531 1641 celebri
554 1600 593 1639 ae
616 1574 728 1639 ducali
746 1574 863 1638 Austr.
888 1571 948 1636 inf.
966 1581 1001 1637 et
1021 1573 1092 1639 ord.
1111 1572 1195 1638 Gist.
1216 1574 1427 1639 monasterio

181 1663 292 1728 Vallis
314 1665 355 1729 B.
379 1664 425 1728 M.
452 1663 487 1728 V.
513 1664 555 1727 de
579 1660 862 1748 Uampoliliorum
887 1682 1048 1745 expensa,
1073 1667 1107 1724 et
1129 1659 1227 1746 praxi
1250 1668 1324 1726 tum
1348 1682 1429 1727 oon-

181 1749 347 1816 scientiae
363 1750 570 1815 arbitrorum
590 1757 663 1813 tum
678 1748 774 1813 verbi
795 1746 904 1813 divini
925 1768 1134 1832 praeconum
1150 1770 1213 1834 per
1226 1746 1428 1813 ad'unctum

181 1837 330 1902 indicem
355 1844 482 1923 aptata,
506 1860 536 1903 a.
557 1837 595 1901 P.
623 1835 770 1901 Oosedido
792 1835 911 1917 Βῆριν
934 1854 1024 1897 anno
1051 1843 1142 1899 1731.
1168 1771 1337 1899 Crembsii
1356 1836 1428 1900 Au·

182 1924 296 2008 striae,
313 1926 407 2012 typis
422 1923 549 2009 Ignatii
566 1922 711 1987 Antonii
727 1921 852 1987 Praexl
871 1930 963 1985 1732.
978 1959 1004 1968 -
1022 1930 1061 1985 82
1075 1944 1132 2008 pp.
1151 1924 1196 1986 4⁰.
1210 1959 1244 1969 -

235 2027 312 2095 (Not.
332 2044 369 2082 ex
387 2027 519 2082 biblioth.
538 2032 664 2081 monast.
685 2025 847 2096 Gampilil.).
860 2057 886 2065 -

238 2184 380 2252 1ῦ3-1.-
394 2187 553 2271 (Pfyffer.
568 2198 623 2261 *t
647 2185 711 2249 Dic
730 2185 941 2249 Herrliehkeit
966 2184 1022 2247 de·
1046 2184 1157 2261 Kirch,
1177 2206 1268 2267 prose
1287 2185 1429 2267 perrracht

185 2293 240 2336 rice
264 2273 443 2349 Borrrerdo,
476 2274 592 2336 lhrenr
619 2271 975 2357 Honig-ffiessenden
1004 2270 1136 2335 hebron
1163 2272 1235 2334 und
1265 2270 1429 2356 Heiligen

183 2357 279 2422 Abbt
301 2382 344 2422 zu
369 2359 550 2443 Olaravall,
584 2359 617 2422 in
651 2360 728 2423 dern
756 2356 1110 2423 Hoelransehnlichen
1124 2358 1328 2444 ‘Exempten
1358 2358 1429 2422 und

182 2446 491 2511 Heclrberiihmten
515 2448 593 2510 (less
616 2447 659 2510 H.
677 2446 776 2511 Rern.
793 2444 922 2509 Reichs
937 2444 1075 2529 Freyen
1091 2443 1187 2509 Stiflt
1205 2445 1275 2509 und
1290 2445 1430 2511 Gottes·

182 2533 297 2596 llaaes
320 2533 568 2614 Kaisersheirn,
592 2532 658 2597 Mic
681 2533 776 2596 einer
798 2532 880 2597 Lob—
903 2532 968 2595 roal
990 2532 1184 2597 artemam
1206 2531 1431 2617 vorgeatellet

183 2640 252 2684 von
279 2620 315 2683 1¹.
336 2622 506 2685 romanco
528 2621 667 2685 Xcvaerio
690 2620 813 2703 Pspffirr
828 2620 861 2701 ¹),
887 2619 947 2682 der
970 2618 1203 2683 Gesellschaft
1225 2619 1312 2684 Jesu
1334 2618 1431 2684 Prie·

183 2718 287 2788 stein,
304 2707 454 2772 ordinari
471 2706 767 2792 Doni-Prodigern
783 2729 826 2770 zu
840 2707 1039 2790 Augspnrg.
1053 2705 1251 2793 Augspurg,
1266 2706 1342 2791 Bey
1357 2706 1430 2771 Ma-

184 2793 275 2857 thias
291 2794 408 2876 'Wolffi
432 2796 535 2859 Anno
563 2804 655 2859 1732.
681 2806 720 2859 42
744 2816 802 2879 pp.
827 2796 921 2858 4⁰.-

236 2898 369 2966 (Baadcn
388 2898 458 2952 Lex.
477 2898 497 2968 ἢ
515 2899 591 2953 Bair.
611 2896 831 2964 Schriftstaller,
850 2896 873 2950 1.
893 2897 918 2952 b.
940 2897 997 2951 144.
1010 2928 1035 2936 —
1054 2896 1099 2950 De
1118 2897 1231 2951 Becker
1255 2896 1278 2950 Ι.
1297 2896 1363 2965 564;
1390 2896 1430 2951 11.

184 2985 236 3039 Ed.
256 2985 294 3039 11.
318 2985 398 3040 193οε
418 2986 494 3040 male
516 2985 589 3040 1723.
603 3017 627 3024 —
647 2983 820 3055 Roscnthal‚
840 2984 931 3039 catal.
946 2985 987 3039 61.
1001 2984 1035 3037 N.
1048 2984 1108 3037 245.
1121 3014 1146 3022 -
1165 2983 1231 3037 Not.
1245 3000 1282 3038 ex
1294 2983 1428 3039 biblioth.

184 3071 271 3141 palat.
290 3072 425 3142 Monac).
439 3104 463 3111 -
993 3086 998 3095 '

236 3160 270 3216 N.
291 3163 320 3216 1:
339 3167 427 3215 natus
446 3161 521 3215 XXI
539 3162 618 3231 Apr.‚
637 3166 652 3227 †
671 3160 776 3215 XXlX
793 3160 880 3215 Mart.
901 3161 975 3214 1750.
989 3192 1014 3199 -

588 3358 689 3426 Inter
711 3378 794 3425 ann.
817 3359 1032 3424 1711—1733:

243 3513 520 3582 1535.—Ya1'icz
542 3516 585 3582 de
608 3515 741 3597 Abiles,
764 3513 889 3579 Pactus
903 3514 944 3595 ¹):
970 3513 1100 3579 Sermoa
1124 3514 1162 3579 de
1178 3513 1247 3579 San
1261 3514 1432 3581 Besara

184 3600 373 3688 prerlicaslo
398 3623 418 3665 a
441 3601 474 3665 la
505 3599 725 3667 univereidad
756 3601 799 3665 de
823 3601 1036 3666 Salamanca.
1068 3600 1310 3687 (Salamanca‘l
1337 3603 1434 3666 Inter

187 3710 296 3753 annos
324 3698 537 3772 llll-1733,
570 3709 639 3773 quo
666 3696 822 3774 tompore
847 3688 915 3752 alia
938 3686 1013 3773 ejus
1037 3709 1142 3774 opera
1165 3686 1259 3754 edita
1281 3693 1386 3776 sunt).
1404 3726 1431 3737 -

237 3772 374 3859 (livere.
392 3810 412 3862 y
431 3792 531 3845 asena
549 3791 598 3846 ιν.
619 3792 676 3845 147.
690 3823 714 3831 -
735 3792 842 3861 nuniz,
860 3791 934 3846 arar.
954 3791 1026 3847 cist.
1043 3791 1114 3862 aec).
1128 3823 1153 3833 -

236 3876 272 3931 N.
295 3878 319 3931 l:
345 3878 508 3933 menachus
527 3878 732 3934 cisterciensis
754 3878 892 3933 Ursariae
910 3877 1027 3949 (Osera)
1050 3879 1080 3932 in
1100 3879 1258 3948 Gallaecia,
1282 3878 1434 3949 professor

186 3963 277 4018 theol.
297 3964 546 4036 salmanticensis
572 3965 724 4021 chronista
741 3966 868 4037 Philippi
886 3966 927 4020 IV
945 3968 1032 4037 regis,
1057 3968 1190 4037 superior
1213 3967 1386 4021 monasterii
1404 3966 1433 4021 S.

187 4054 290 4106 Annae
308 4052 428 4107 Matriti.
442 4084 467 4092 -

731 4197 771 4263 Α.
786 4199 891 4265 1733;

246 4350 339 4419 1536.
354 4391 396 4399 -
412 4354 485 4420 Das
508 4354 720 4421 christliche
742 4355 843 4421 Jahr.
872 4352 947 4417 Aus
974 4351 1053 4417 dem
1078 4351 1354 4418 Franziisischen
1379 4352 1433 4418 ins

186 4436 364 4503 Deatsohe
380 4438 565 4503 iibersetzt.
591 4450 619 4504 6.
636 4438 745 4504 'ilheil
769 4440 861 4524 Prag
879 4437 936 4503 bei
953 4439 1020 4504 den
1034 4438 1301 4504 Labaunischen
1317 4439 1434 4506 Erben

190 4534 284 4590 1733.
300 4524 374 4590 Fol.
389 4564 417 4573 -
441 4525 507 4605 (lb.
524 4548 557 4612 p.
575 4536 646 4591 721.
665 4537 743 4590 725:
768 4526 840 4590 Der
855 4537 907 4593 20.
923 4527 1191 4609 Augustmonat.
1205 4526 1278 4610 Aa]
1290 4528 1351 4592 dea
1367 4528 1435 4612 Tap

187 4612 244 4677 des
265 4612 338 4677 lecit.
361 4612 555 4696 Bernardi).
567 4650 601 4660 -

241 4714 320 4785 (Not.
339 4732 376 4769 ex
394 4715 526 4772 biblioth.
545 4721 671 4771 monast.
690 4714 847 4785 Altovada
859 4746 885 4755 -
