3240 5242
865 400 1017 503 Q

318 593 471 659 edendos
495 593 630 660 collatis
653 593 930 659 intelleximus-
951 593 1175 680 corrigendus
1199 600 1260 676 est,
1285 594 1346 659 sed
1369 593 1511 660 nonnisi
1531 595 1566 661 in

313 682 466 764 partitus
485 683 642 764 genuinis,
667 703 755 766 qnae
779 681 914 747 cunctis
936 681 1080 766 reliquis
1104 680 1229 746 excisis
1251 682 1346 746 solae
1365 681 1567 768 impriman-

317 774 384 833 tur.
407 767 626 834 Introductio
651 768 693 833 de
715 789 827 834 novae
851 767 1014 834 editionis
1041 767 1175 853 origine
1198 773 1234 833 et
1256 767 1413 852 oonsilio,
1442 768 1568 836 disser-

319 854 469 920 tationes
494 855 535 919 de
559 854 705 940 singulis
729 854 892 953 operibus
915 855 989 921 sive
1013 855 1172 920 admissis
1195 854 1269 919 sive
1289 854 1437 939 omissis,
1461 856 1568 923 adno-

320 941 472 1008 tationes
502 942 545 1007 ad
575 964 713 1007 sensum
741 949 806 1007 nte
833 941 1098 1028 intelligendum
1125 941 1274 1006 maxime
1300 942 1519 1008 necessariae
1533 982 1568 994 -

319 1028 475 1094 eruditae
498 1029 558 1093 sed
581 1028 705 1094 breves
722 1067 749 1075 -
767 1036 802 1093 et
824 1028 992 1094 lectiones
1015 1029 1189 1094 variantes
1212 1028 1382 1114 gravioris
1398 1031 1568 1096 momenti

317 1115 355 1180 in
369 1116 518 1203 primum
534 1123 666 1182 tomum
682 1115 916 1203 suscipiantur
935 1115 1124 1201 harumque
1145 1115 1278 1181 numeri
1296 1115 1391 1203 typis
1414 1115 1568 1183 minimis

319 1203 472 1290 expressi
495 1202 582 1268 locis
599 1202 779 1267 destinatis
797 1202 994 1290 apponendi
1011 1212 1092 1268 sunt
1108 1203 1166 1286 ita,
1190 1210 1229 1267 ut
1243 1203 1392 1268 lectores
1407 1225 1481 1270 non
1496 1211 1568 1269 tur-

317 1289 444 1355 bentur
471 1289 590 1376 (prout
616 1289 652 1353 in
677 1289 839 1374 ,xeniis
866 1288 998 1355 factum
1024 1291 1103 1377 est).
1135 1291 1248 1376 Opera
1275 1289 1351 1388 ipsa
1375 1289 1426 1355 sie
1450 1290 1566 1356 distri-

316 1376 456 1442 buenda
478 1383 569 1460 sunt,
593 1383 632 1441 ut
656 1375 839 1442 Sermones
863 1377 906 1441 de
922 1377 1101 1463 Tempore,
1126 1377 1167 1440 de
1184 1376 1331 1458 Sanctis,
1353 1377 1568 1443 deDivereis

319 1464 510 1548 (nonnullis
527 1463 690 1550 explosis)
709 1471 744 1527 et
757 1463 794 1527 in
810 1462 954 1528 Cantica
968 1463 1190 1529 Cantioorum
1207 1464 1407 1546 secundum,
1425 1465 1567 1530 tertium

318 1558 353 1615 et
376 1558 537 1635 quartum
559 1557 692 1615 tomum
707 1549 885 1636 impleant,
908 1552 938 1615 Ε
965 1549 1088 1616 istolae
1104 1551 1273 1635 quintum,
1290 1551 1476 1616 Tractatus
1491 1574 1567 1617 sex-

317 1645 391 1703 tum
418 1644 453 1702 et
480 1637 665 1724 septimum
688 1636 846 1701 -tribus
875 1637 918 1702 ad
1001 1637 1122 1703 istolas
1148 1637 1327 1722 relegatis,
1355 1638 1392 1701 in
1420 1660 1567 1723 quarum

317 1746 462 1790 numero
477 1725 560 1790 olim
576 1724 793 1789 exstiterunt.
806 1724 931 1789 Totam
947 1661 1134 1790 edpitionem
1153 1725 1316 1789 claudant
1331 1724 1424 1791 Vitae
1439 1726 1566 1791 S.Ber-

316 1811 417 1876 nardi
432 1811 475 1876 ad
487 1811 637 1877 fontium
649 1811 753 1876 fidem
765 1811 931 1876 redditae.
945 1812 1072 1876 Forma
1087 1818 1260 1876 tomorum
1276 1812 1425 1897 eligatur
1441 1822 1567 1878 octava

316 1897 429 1985 major
453 1899 571 1985 (quam
595 1906 749 1986 vocant),
778 1905 873 1962 carta
899 1897 1010 1964 solida
1034 1921 1145 1983 neque
1173 1897 1275 1962 nimis
1303 1897 1462 1983 candida,
1488 1900 1564 1986 typi

317 1985 388 2050 sint
408 1985 491 2050 clari
508 1993 543 2050 et
558 1985 679 2066 nitidi;
704 1984 914 2070 exemplaria
929 1985 1079 2050 maximo
1095 2007 1238 2050 numero
1254 1985 1508 2072 imprimantur,
1528 1994 1567 2051 nt

315 2072 454 2138 modico
474 2073 586 2159 pretio
605 2072 743 2138 venelia
763 2071 806 2137 ab
823 2071 867 2136 iis
883 2093 1020 2156 quoque
1040 2079 1208 2156 emantur,
1232 2072 1358 2156 quibus
1380 2070 1565 2139 facultates

317 2159 361 2223 ad
385 2159 614 2242 acquirendos
637 2158 745 2224 libros
769 2158 918 2223 cariores
943 2161 1077 2224 desunt.

422 2246 605 2331 Ejusmodi
630 2245 817 2311 editionem
841 2245 997 2311 omnium
1020 2246 1224 2332 applausum
1247 2246 1404 2330 laturam,
1430 2269 1508 2312 earn
1529 2247 1566 2312 in

316 2332 476 2398 domibus
506 2354 576 2399 non
606 2333 689 2398 solis
719 2332 931 2398 contratrum
961 2339 1158 2397 nostrorum
1189 2333 1251 2397 sed
1277 2331 1382 2418 longe
1413 2334 1564 2420 plurium

315 2420 533 2486 sacerdotum
558 2427 661 2504 atque
684 2419 721 2483 in
741 2418 871 2506 patrias
891 2419 1027 2504 linguas
1046 2420 1248 2484 translatam
1268 2420 1372 2484 etiam
1396 2419 1434 2484 in
1459 2420 1565 2486 mani·

314 2505 379 2571 bus
405 2507 607 2572 monialium
631 2515 665 2571 et
689 2527 972 2591 quorumcunque
997 2506 1224 2571 saecularium
1246 2514 1472 2591 versaturam,
1502 2507 1565 2573 sic-

315 2615 380 2679 que
404 2594 544 2659 tandem
572 2594 606 2659 S.
626 2594 843 2658 Bernardum
855 2629 889 2641 -
901 2600 940 2658 ut
962 2593 1088 2658 meruit
1101 2632 1128 2641 -
1141 2592 1296 2658 fidelium
1319 2594 1424 2659 saluti
1447 2595 1564 2682 profu·

314 2687 430 2745 turum
452 2703 526 2746 esse
545 2702 748 2767 persuasum
767 2679 935 2745 habentes
957 2679 1139 2745 consilium
1159 2679 1244 2745 illud
1266 2680 1401 2745 cunctis
1417 2703 1564 2766 quorum

314 2766 459 2833 interest
479 2768 638 2832 ardenter
653 2767 943 2850 commendamus,
963 2774 1038 2832 toto
1056 2767 1170 2832 animo
1187 2774 1357 2854 optantes,
1378 2775 1418 2832 ut
1433 2766 1565 2853 aliquot

315 2853 454 2919 Ordinis
477 2854 587 2920 nostri
611 2893 637 2903 -
663 2863 825 2919 octavum
849 2877 868 2917 a
894 2852 1098 2919 fundatione
1125 2855 1301 2919 saeculum
1327 2861 1408 2941 post
1431 2865 1563 2942 septem

315 2963 424 3007 annos
448 2940 655 3007 celebraturi
671 2979 697 2989 -
715 2940 851 3006 sodales
874 2939 909 3005 S.
924 2939 1103 3006 Bernardo
1118 2941 1358 3027 patrocinante
1381 2941 1472 3007 illud
1490 2942 1564 3007 feli-

316 3027 403 3093 citer
425 3029 673 3114 exsequantur!
690 3066 724 3076 -

472 3400 786 3494 Bibliographia
812 3401 1068 3476 Bernardina
1094 3421 1216 3475 maun
1244 3402 1404 3497 scripta

417 3552 688 3618 Dissertationes
709 3554 751 3617 de
772 3551 806 3617 S.
822 3552 991 3618 Bernardi
1011 3553 1174 3640 operibus
1194 3575 1382 3638 eorumque
1404 3553 1563 3621 editioni-

313 3638 379 3704 bus
393 3638 468 3724 jam
487 3638 563 3726 ipsa
581 3640 828 3722 Biblioyropdr'a
848 3641 1056 3705 Berncrdina
1075 3640 1239 3725 sequitur,
1263 3663 1366 3725 quam
1388 3641 1564 3728 duplicem

314 3725 451 3790 damus:
468 3748 566 3791 mauu
578 3729 729 3808 scriptam
741 3766 767 3775 -
778 3726 980 3813 appendicis
996 3726 1106 3792 instar
1121 3727 1378 3793 Introductioni
1394 3728 1563 3794 adnexam

314 3835 458 3898 eamque
477 3812 680 3889 breviorem,
706 3822 740 3877 et
759 3816 842 3897 typis
861 3835 1086 3896 crprcssam-
1098 3814 1301 3899 longiorem.
1325 3814 1466 3879 Etenim
1486 3837 1562 3881 cum

315 3908 395 3964 ante
411 3906 485 3964 tum
500 3910 580 3985 post
601 3899 853 3998 typographiae
869 3900 1106 3966 inventionem
1122 3901 1284 3987 permulti
1301 3901 1460 3967 homines
1481 3902 1563 3968 utri-

313 4008 422 4070 usque
450 4008 563 4068 sexus,
589 3987 638 4073 pii
666 3987 838 4071 doctique,
867 3988 1024 4072 egregias
1047 4010 1102 4052 res
1127 3989 1169 4052 de
1193 3988 1227 4052 S.
1251 3987 1432 4054 Bernardo
1457 3990 1563 4077 scrip-

314 4082 442 4156 serunt,
463 4095 551 4158 quae
571 4073 676 4140 variis
697 4096 739 4137 ex
757 4074 870 4139 causis
889 4074 986 4160 prelo
1007 4096 1077 4139 non
1098 4084 1179 4139 eunt
1198 4074 1400 4157 subductae,
1422 4077 1562 4142 omnino

314 4166 429 4224 autem
445 4159 580 4244 dignae,
598 4169 637 4225 ut
653 4161 694 4225 ad
713 4171 929 4247 posterorum
944 4161 1104 4226 notitiam
1120 4161 1335 4247 perveniant.
1352 4162 1447 4240 Quae
1463 4163 1564 4230 nobis

313 4245 549 4331 innotuerunt,
578 4247 615 4311 in
636 4249 886 4331 Biblioprupbia
909 4248 1119 4313 Berrmrdinc
1142 4271 1240 4314 muca
1262 4251 1382 4331 sumpta
1404 4272 1563 4315 recense·

312 4355 399 4415 mus,
421 4333 588 4418 dolentes,
608 4356 672 4399 nos
689 4335 731 4399 ad
748 4335 864 4422 plures
881 4335 1059 4420 catalogos
1076 4335 1233 4400 codicum
1250 4336 1519 4422 perscrutandos
1531 4373 1564 4386 -

312 4419 515 4507 praesertim
535 4444 576 4486 su
602 4422 770 4487 erioribus
791 4431 938 4507 quatuor
958 4422 1056 4487 annis
1070 4461 1096 4470 -
1111 4423 1220 4488 otium
1239 4423 1474 4489 necessarium
1494 4446 1562 4490 non

314 4528 389 4571 esse
411 4514 542 4573 nactos.
566 4445 688 4593 itaque
713 4509 902 4574 lectoribus
925 4532 1056 4573 merum
1079 4520 1219 4594 gustum
1242 4510 1372 4594 damus,
1392 4517 1465 4576 tam
1485 4533 1563 4599 pro-

311 4592 397 4745 priis
425 4594 548 4658 studiis
572 4605 651 4660 ante
674 4605 820 4661 mortem
843 4617 913 4660 non
939 4595 1173 4682 exspiraturis,
1200 4619 1302 4681 quarn
1331 4597 1505 4664 cultorum
1529 4599 1562 4664 S.

346 4681 480 4745 arnardi
502 4682 646 4767 notitiis,
667 4686 694 4747 si
716 4706 803 4768 quae
826 4683 1075 4768 advolaverint,
1097 4685 1310 4770 ungendum!
1330 4723 1356 4732 -
