3240 5242
774 388 837 455 487

180 585 278 644 XVII.
295 583 415 642 Jubilua
433 582 470 640 de
487 583 607 639 nomine
623 582 712 639 Jesu:

625 668 701 727 Jeau
719 669 814 727 dulcis
831 670 982 726 memorie.

232 759 352 816 Jubilus
369 759 419 815 vel
437 758 575 815 stimulus
594 759 809 831 compassionis
827 757 863 814 de
881 759 1000 813 nomine
1017 755 1107 813 Jesu:

539 845 559 900 J
560 862 614 901 esu
632 845 742 901 Christi
760 845 849 902 celeri
865 846 1063 903 miseratione.

181 933 294 988 XVIII.
319 932 364 988 De
385 935 587 989 iucamatione
609 933 774 989 Salvatoris
794 935 890 990 nostri
910 932 1172 988 familiarissimum
1192 929 1427 1002 Dulciloquium:

445 1022 510 1076 Ave
528 1039 602 1092 puer
619 1021 751 1092 parvule,
770 1021 928 1076 Coelorum
945 1039 998 1075 rex
1016 1020 1159 1077 sublimIs.

179 1108 263 1164 XIX.
285 1107 386 1162 Oratio
405 1107 443 1162 ud
462 1126 552 1162 uuum
571 1109 723 1179 quodlibet
744 1109 943 1164 membrorum
961 1108 1071 1166 Christi
1088 1109 1229 1179 patientis
1245 1109 1277 1162 in
1295 1124 1393 1163 cruce:

616 1196 713 1266 Salve,
731 1195 833 1250 mundi
851 1195 995 1250 Salutate.

234 1282 338 1337 Oratio
357 1281 395 1336 ad
412 1282 517 1337 desum
536 1289 567 1338 et
584 1283 722 1339 Mariam:

545 1371 665 1426 Summe
683 1374 790 1426 summi
809 1376 842 1425 tu
859 1372 957 1426 Patris
975 1372 1070 1426 unice.

234 1456 337 1512 Oratio
357 1456 393 1513 de
410 1459 572 1529 gratiarum
590 1458 769 1514 actionibus:

440 1546 487 1602 Ad
504 1546 609 1602 beatae
627 1547 781 1603 Trinitatis
800 1547 1005 1620 simplicisque
1023 1547 1163 1604 Unitatis.

182 1632 250 1687 XX.
270 1633 438 1689 Bernardus
455 1637 485 1688 iu
504 1652 631 1705 persona
650 1634 771 1691 Christi:

540 1723 638 1777 Homo
657 1721 732 1792 vide,
751 1740 827 1795 quae
845 1740 899 1795 pro
918 1729 948 1778 te
965 1726 1070 1795 patior.

233 1807 379 1863 Salutatio
397 1808 434 1864 de
452 1811 591 1880 passione
610 1816 641 1865 et
659 1811 721 1866 vita
739 1809 857 1881 Christi,
876 1811 912 1867 sl.
933 1811 1050 1867 Sertum
1069 1810 1195 1867 Christi:

503 1899 577 1968 Ave,
594 1897 669 1953 Jssu
689 1896 831 1968 conditor,
850 1900 960 1956 veritas
979 1904 1009 1954 et
1027 1901 1096 1957 vita.

234 1984 366 2039 Granum
384 1982 566 2039 dovotionis:

474 2071 518 2126 'I'e
536 2077 571 2126 ut
587 2073 617 2125 in
636 2075 807 2129 memoriam
824 2091 968 2146 revocem,
988 2075 1132 2131 Salvator.

179 2157 264 2213 XXI.
282 2157 408 2229 HymnI:

588 2248 753 2304 Recordare
773 2256 893 2305 sanctae
911 2253 1019 2316 crucis;

597 2344 640 2390 et:
659 2336 825 2393 Recordare
843 2339 935 2393 trater
952 2340 1008 2410 pio.

180 2421 281 2476 XXII.
299 2422 421 2478 Mariale
437 2439 491 2479 seu
510 2422 546 2478 de
564 2423 716 2482 Laudibus
734 2426 767 2481 Β.
787 2425 930 2496 Virginis:

406 2511 448 2567 Ut
462 2511 610 2583 jucundas
630 2513 743 2570 Cervus
761 2531 853 2586 aquas
871 2517 1022 2570 Aestuans
1040 2513 1196 2571 desiderat.

180 2596 295 2653 XXIII.
316 2598 471 2654 Canticum
489 2598 525 2654 de
543 2600 630 2655 laude
649 2601 682 2655 B.
701 2601 812 2656 Mariae
831 2602 868 2656 ad
886 2608 1002 2675 septem
1019 2602 1109 2659 horas
1126 2606 1297 2660 canonicas:

373 2686 485 2758 Gaude,
503 2688 620 2759 plaude,
639 2688 717 2743 olera
734 2706 811 2758 rosa,
830 2690 903 2745 Esto
922 2697 1038 2747 moesto
1057 2708 1125 2746 care
1141 2708 1238 2764 prosa.

182 2773 293 2829 XXIV.
312 2777 376 2831 Ave
394 2774 486 2831 MarIs
504 2776 599 2832 stelle.

181 2860 275 2917 XXV.
294 2860 423 2917 Deliciae
435 2862 547 2919 Mariae
559 2865 695 2935 Virginis,
714 2865 749 2919 al.
762 2865 882 2921 Jubilus
895 2867 923 2922 S.
936 2867 1079 2922 Bernardi
1091 2866 1129 2923 ed
1141 2868 1264 2924 Marlam
1277 2869 1433 2942 Virginem

295 2948 331 3004 de
350 2951 485 3006 omnibus
505 2951 616 3007 deliciis
635 2952 782 3023 ejusdem:

546 3040 642 3112 Salve,
661 3047 765 3096 sancta
782 3046 877 3097 mater
895 3041 959 3097 Dei.

235 3123 336 3180 Oratio
356 3124 393 3179 ad
410 3124 546 3182 Mariam:

562 3216 642 3272 Mola
660 3233 782 3288 pressus
801 3217 891 3289 hujus
909 3219 1053 3274 miserias.

181 3300 292 3360 XXVI.
311 3303 499 3374 Antiphonse
518 3303 554 3359 de
572 3305 606 3359 B.
625 3303 731 3359 Maria:

436 3392 523 3447 Alma
540 3391 715 3448 redemtoris
733 3397 836 3463 mater,
855 3410 929 3463 quae
947 3393 1050 3463 pervia
1067 3392 1150 3450 coeli.

438 3482 501 3535 Ave
520 3481 621 3550 regina
639 3480 796 3535 coelorum.

436 3568 500 3622 Ave
518 3567 619 3638 Maria,
638 3567 746 3622 ancilla
763 3568 917 3624 Trinitatis
934 3568 1099 3624 humillime
1116 3574 1171 3626 etc.

181 3651 309 3708 XXVII.
327 3653 469 3709 Planctus
488 3655 616 3725 Virginis
634 3655 759 3710 Mariae:

631 3742 772 3798 Planctus
792 3750 860 3798 ante
878 3746 985 3799 nescia

181 3827 325 3883 XXVIII.
344 3829 521 3884 Psalterium
539 3830 574 3885 B.
592 3830 716 3886 Mariae:

631 3920 705 3989 Ave,
724 3921 806 3989 virgo
825 3918 980 3987 virginum.

181 4004 295 4060 XXIX.
313 4004 533 4075 Dulciloquium
552 4006 579 4060 S.
598 4005 739 4060 Bernardi
758 4005 795 4060 sd
813 4005 847 4060 B.
866 4004 1029 4076 Virginem:

581 4094 691 4163 Gaude,
711 4092 818 4149 sedens
836 4095 865 4148 in
885 4092 998 4148 decore.
1011 4125 1036 4132 -

234 4179 384 4249 (Bibliogr.
404 4179 440 4233 da
458 4180 487 4234 la
505 4181 617 4235 Frenoc
631 4180 707 4235 1800.
719 4181 753 4237 N.
767 4180 843 4237 2813.
856 4213 880 4221 -
894 4181 947 4237 Vis.
963 4198 999 4236 ex
1010 4180 1143 4237 biblioth.
1158 4181 1246 4253 palat.
1259 4180 1392 4252 Monac).
1403 4214 1430 4223 -

236 4294 334 4363 2742.
348 4335 389 4342 —
403 4299 599 4375 (Haurdau.
613 4305 669 4382 —)
687 4297 753 4363 Des
761 4305 887 4379 poturos
904 4299 1002 4362 latins
1017 4297 1170 4363 attribute
1185 4303 1206 4361 d
1221 4297 1316 4363 Sciat
1325 4335 1338 4348 ·
1347 4297 1429 4364 Ber-

181 4385 276 4448 ncrd.
293 4383 326 4447 B
346 4384 479 4469 arihel]
495 4385 661 4466 Helorion,
685 4384 837 4450 membre
854 4386 896 4449 de
912 4383 1090 4449 l’Institut.
1115 4384 1248 4470 (Revue
1271 4383 1428 4472 critique,

182 4469 281 4535 Paris
354 4470 366 4491 ⁷
389 4470 431 4536 V.
451 4483 543 4536 reae.
559 4472 601 4536 Ν.
619 4475 685 4558 ea).
700 4471 815 4537 -Vid.
832 4472 874 4537 N.
890 4472 988 4541 2741.
1002 4511 1028 4519 —

236 4599 334 4668 2743.
358 4640 400 4649 —
423 4603 658 4687 (Hlawatsch.
684 4603 739 4683 -l
766 4601 899 4687 Prcdiyt
920 4624 973 4669 am
996 4603 1091 4669 Festo
1113 4603 1169 4667 dcc
1191 4602 1234 4667 tl.
1254 4601 1430 4668 Bcubcrd

183 4687 253 4754 und
280 4686 338 4752 bei
366 4688 595 4775 Gelegenheit
620 4690 681 4756 der
707 4688 939 4776 Ilinwoihung
964 4689 1025 4753 der
1049 4688 1125 4754 viar
1150 4687 1430 4755 neuerrichteten
