<?xml version="1.0" encoding="UTF-8"?>
<!DOCTYPE html PUBLIC "-//W3C//DTD XHTML 1.0 Transitional//EN"
    "http://www.w3.org/TR/xhtml1/DTD/xhtml1-transitional.dtd">
<html xmlns="http://www.w3.org/1999/xhtml" xml:lang="en" lang="en">
 <head>
  <title>
</title>
<meta http-equiv="Content-Type" content="text/html;charset=utf-8" />
  <meta name='ocr-system' content='tesseract 3.04.00' />
  <meta name='ocr-capabilities' content='ocr_page ocr_carea ocr_par ocr_line ocrx_word'/>
</head>
<body>
  <div class='ocr_page' id='page_1' title='image "./bibliographiabe00janagoog_0234.png"; bbox 0 0 3240 5242; ppageno 0'>
   <div class='ocr_carea' id='block_1_1' title="bbox 736 402 887 499">
    <p class='ocr_par' dir='ltr' id='par_1_1' title="bbox 736 402 887 499">
     <span class='ocr_line' id='line_1_1' title="bbox 736 402 887 499; baseline 0.007 -1"><span class='ocrx_word' id='word_1_1' title='bbox 736 402 887 499; x_wconf 62' lang='lat' dir='ltr'><strong>„a</strong></span> 
     </span>
    </p>
   </div>
   <div class='ocr_carea' id='block_1_2' title="bbox 185 591 1435 1535">
    <p class='ocr_par' dir='ltr' id='par_1_2' title="bbox 185 591 1435 1535">
     <span class='ocr_line' id='line_1_2' title="bbox 240 591 1433 677; baseline -0.003 -18"><span class='ocrx_word' id='word_1_2' title='bbox 240 591 356 659; x_wconf 79' lang='lat'><strong>753.—</strong></span> <span class='ocrx_word' id='word_1_3' title='bbox 365 593 375 664; x_wconf 85' lang='grc'><strong>1</strong></span> <span class='ocrx_word' id='word_1_4' title='bbox 378 592 616 677; x_wconf 69' lang='lat' dir='ltr'><strong>hippalum—l</strong></span> <span class='ocrx_word' id='word_1_5' title='bbox 626 592 717 657; x_wconf 80' lang='lat' dir='ltr'><strong>Vitae</strong></span> <span class='ocrx_word' id='word_1_6' title='bbox 725 591 922 668; x_wconf 80' lang='lat' dir='ltr'><strong>Sanctorum,</strong></span> <span class='ocrx_word' id='word_1_7' title='bbox 930 591 1011 656; x_wconf 83' lang='lat' dir='ltr'><strong>Sive</strong></span> <span class='ocrx_word' id='word_1_8' title='bbox 1018 592 1089 655; x_wconf 88' lang='lat' dir='ltr'><strong>Res</strong></span> <span class='ocrx_word' id='word_1_9' title='bbox 1097 593 1223 657; x_wconf 78' lang='lat' dir='ltr'><strong>Gestae</strong></span> <span class='ocrx_word' id='word_1_10' title='bbox 1230 593 1433 677; x_wconf 88' lang='lat' dir='ltr'><strong>Martyrum,</strong></span> 
     </span>
     <span class='ocr_line' id='line_1_3' title="bbox 189 678 1434 766; baseline 0.002 -24"><span class='ocrx_word' id='word_1_11' title='bbox 189 678 444 760; x_wconf 80' lang='lat' dir='ltr'><strong>Confessorum,</strong></span> <span class='ocrx_word' id='word_1_12' title='bbox 453 679 569 762; x_wconf 80' lang='lat' dir='ltr'><strong>Atque</strong></span> <span class='ocrx_word' id='word_1_13' title='bbox 582 679 786 743; x_wconf 85' lang='lat' dir='ltr'><strong>Sanctarum</strong></span> <span class='ocrx_word' id='word_1_14' title='bbox 794 679 977 764; x_wconf 88' lang='lat' dir='ltr'><strong>Virginum</strong></span> <span class='ocrx_word' id='word_1_15' title='bbox 985 679 1116 743; x_wconf 88' lang='lat' dir='ltr'><strong>Eorum</strong></span> <span class='ocrx_word' id='word_1_16' title='bbox 1152 680 1325 766; x_wconf 89' lang='lat' dir='ltr'><strong>raecipuc,</strong></span> <span class='ocrx_word' id='word_1_17' title='bbox 1338 680 1434 758; x_wconf 83' lang='lat' dir='ltr'><strong>Quae</strong></span> 
     </span>
     <span class='ocr_line' id='line_1_4' title="bbox 188 704 1435 851; baseline 0.002 -22"><span class='ocrx_word' id='word_1_18' title='bbox 188 766 254 829; x_wconf 91' lang='lat' dir='ltr'><strong>Per</strong></span> <span class='ocrx_word' id='word_1_19' title='bbox 268 766 309 829; x_wconf 78' lang='lat' dir='ltr'><strong>R.</strong></span> <span class='ocrx_word' id='word_1_20' title='bbox 323 766 362 830; x_wconf 89' lang='lat' dir='ltr'><strong>P.</strong></span> <span class='ocrx_word' id='word_1_21' title='bbox 375 765 601 829; x_wconf 76' lang='lat' dir='ltr'><strong>Laurentium</strong></span> <span class='ocrx_word' id='word_1_22' title='bbox 619 766 757 830; x_wconf 86' lang='lat' dir='ltr'><strong>Surium</strong></span> <span class='ocrx_word' id='word_1_23' title='bbox 773 767 841 830; x_wconf 77' lang='lat' dir='ltr'><strong>Sex</strong></span> <span class='ocrx_word' id='word_1_24' title='bbox 854 765 971 830; x_wconf 82' lang='lat' dir='ltr'><strong>Tomis</strong></span> <span class='ocrx_word' id='word_1_25' title='bbox 988 704 1257 851; x_wconf 87' lang='lat' dir='ltr'><strong>comprelicnsae</strong></span> <span class='ocrx_word' id='word_1_26' title='bbox 1274 774 1371 831; x_wconf 88' lang='lat' dir='ltr'><strong>sunt:</strong></span> <span class='ocrx_word' id='word_1_27' title='bbox 1387 767 1435 831; x_wconf 81' lang='lat' dir='ltr'><strong>Et</strong></span> 
     </span>
     <span class='ocr_line' id='line_1_5' title="bbox 187 852 1434 937; baseline 0.002 -21"><span class='ocrx_word' id='word_1_28' title='bbox 187 875 280 916; x_wconf 91' lang='lat' dir='ltr'><strong>nunc</strong></span> <span class='ocrx_word' id='word_1_29' title='bbox 297 852 465 916; x_wconf 70' lang='lat' dir='ltr'><strong>restrictis</strong></span> <span class='ocrx_word' id='word_1_30' title='bbox 481 852 665 917; x_wconf 89' lang='lat' dir='ltr'><strong>verborum</strong></span> <span class='ocrx_word' id='word_1_31' title='bbox 684 852 898 937; x_wconf 80' lang='lat' dir='ltr'><strong>ambagibus,</strong></span> <span class='ocrx_word' id='word_1_32' title='bbox 923 852 1058 937; x_wconf 87' lang='lat' dir='ltr'><strong>integra</strong></span> <span class='ocrx_word' id='word_1_33' title='bbox 1081 861 1196 917; x_wconf 88' lang='lat' dir='ltr'><strong>tamen</strong></span> <span class='ocrx_word' id='word_1_34' title='bbox 1213 853 1434 919; x_wconf 78' lang='lat' dir='ltr'><strong>historiarum</strong></span> 
     </span>
     <span class='ocr_line' id='line_1_6' title="bbox 187 939 1434 1026; baseline 0.002 -23"><span class='ocrx_word' id='word_1_35' title='bbox 187 939 274 1003; x_wconf 87' lang='lat' dir='ltr'><strong>serie</strong></span> <span class='ocrx_word' id='word_1_36' title='bbox 292 939 419 1023; x_wconf 89' lang='lat' dir='ltr'><strong>ubique</strong></span> <span class='ocrx_word' id='word_1_37' title='bbox 436 940 507 1003; x_wconf 79' lang='lat' dir='ltr'><strong>iere</strong></span> <span class='ocrx_word' id='word_1_38' title='bbox 521 948 667 1023; x_wconf 88' lang='lat' dir='ltr'><strong>servata,</strong></span> <span class='ocrx_word' id='word_1_39' title='bbox 683 941 725 1004; x_wconf 86' lang='lat' dir='ltr'><strong>ad</strong></span> <span class='ocrx_word' id='word_1_40' title='bbox 740 939 994 1004; x_wconf 85' lang='lat' dir='ltr'><strong>exactissimam</strong></span> <span class='ocrx_word' id='word_1_41' title='bbox 1006 939 1197 1005; x_wconf 79' lang='lat' dir='ltr'><strong>doctissimi</strong></span> <span class='ocrx_word' id='word_1_42' title='bbox 1211 947 1245 1005; x_wconf 91' lang='lat' dir='ltr'><strong>et</strong></span> <span class='ocrx_word' id='word_1_43' title='bbox 1257 949 1434 1026; x_wconf 87' lang='lat' dir='ltr'><strong>praestan·</strong></span> 
     </span>
     <span class='ocr_line' id='line_1_7' title="bbox 187 1026 1433 1112; baseline 0.002 -23"><span class='ocrx_word' id='word_1_44' title='bbox 187 1026 309 1091; x_wconf 87' lang='lat' dir='ltr'><strong>tissimi</strong></span> <span class='ocrx_word' id='word_1_45' title='bbox 327 1026 390 1091; x_wconf 89' lang='lat' dir='ltr'><strong>viri</strong></span> <span class='ocrx_word' id='word_1_46' title='bbox 409 1027 451 1090; x_wconf 88' lang='lat' dir='ltr'><strong>D.</strong></span> <span class='ocrx_word' id='word_1_47' title='bbox 461 1026 617 1091; x_wconf 78' lang='lat' dir='ltr'><strong>Caesaris</strong></span> <span class='ocrx_word' id='word_1_48' title='bbox 626 1027 769 1091; x_wconf 90' lang='lat' dir='ltr'><strong>Baronii</strong></span> <span class='ocrx_word' id='word_1_49' title='bbox 782 1026 1051 1111; x_wconf 82' lang='lat' dir='ltr'><strong>Olrronclogiam</strong></span> <span class='ocrx_word' id='word_1_50' title='bbox 1065 1026 1231 1112; x_wconf 83' lang='lat' dir='ltr'><strong>digestae,</strong></span> <span class='ocrx_word' id='word_1_51' title='bbox 1249 1050 1289 1092; x_wconf 90' lang='lat' dir='ltr'><strong>ac</strong></span> <span class='ocrx_word' id='word_1_52' title='bbox 1301 1027 1337 1091; x_wconf 90' lang='lat' dir='ltr'><strong>in</strong></span> <span class='ocrx_word' id='word_1_53' title='bbox 1350 1049 1433 1111; x_wconf 87' lang='lat' dir='ltr'><strong>qua·</strong></span> 
     </span>
     <span class='ocr_line' id='line_1_8' title="bbox 187 1113 1431 1198; baseline 0.002 -21"><span class='ocrx_word' id='word_1_54' title='bbox 187 1122 267 1178; x_wconf 89' lang='lat' dir='ltr'><strong>tuor</strong></span> <span class='ocrx_word' id='word_1_55' title='bbox 282 1114 409 1177; x_wconf 83' lang='lat' dir='ltr'><strong>Tomos</strong></span> <span class='ocrx_word' id='word_1_56' title='bbox 426 1113 641 1198; x_wconf 88' lang='lat' dir='ltr'><strong>distributae,</strong></span> <span class='ocrx_word' id='word_1_57' title='bbox 666 1114 801 1196; x_wconf 81' lang='lat' dir='ltr'><strong>Studio,</strong></span> <span class='ocrx_word' id='word_1_58' title='bbox 826 1124 861 1177; x_wconf 90' lang='lat' dir='ltr'><strong>et</strong></span> <span class='ocrx_word' id='word_1_59' title='bbox 876 1114 994 1178; x_wconf 87' lang='lat' dir='ltr'><strong>labore</strong></span> <span class='ocrx_word' id='word_1_60' title='bbox 1017 1113 1058 1178; x_wconf 80' lang='lat' dir='ltr'><strong>F.</strong></span> <span class='ocrx_word' id='word_1_61' title='bbox 1076 1114 1254 1179; x_wconf 75' lang='lat' dir='ltr'><strong>Zachariae</strong></span> <span class='ocrx_word' id='word_1_62' title='bbox 1270 1114 1431 1196; x_wconf 78' lang='lat' dir='ltr'><strong>Lippeloo,</strong></span> 
     </span>
     <span class='ocr_line' id='line_1_9' title="bbox 187 1199 1433 1284; baseline -0.001 -18"><span class='ocrx_word' id='word_1_63' title='bbox 187 1199 389 1266; x_wconf 81' lang='lat' dir='ltr'><strong>Carthusiae</strong></span> <span class='ocrx_word' id='word_1_64' title='bbox 401 1200 618 1265; x_wconf 59' lang='lat' dir='ltr'><strong>boloniensis</strong></span> <span class='ocrx_word' id='word_1_65' title='bbox 632 1201 771 1266; x_wconf 88' lang='lat' dir='ltr'><strong>alumni.</strong></span> <span class='ocrx_word' id='word_1_66' title='bbox 785 1200 914 1265; x_wconf 79' lang='lat' dir='ltr'><strong>&#39;lomus</strong></span> <span class='ocrx_word' id='word_1_67' title='bbox 923 1200 1069 1265; x_wconf 79' lang='lat' dir='ltr'><strong>Tertius.</strong></span> <span class='ocrx_word' id='word_1_68' title='bbox 1083 1200 1232 1284; x_wconf 87' lang='lat' dir='ltr'><strong>Brixiae,</strong></span> <span class='ocrx_word' id='word_1_69' title='bbox 1248 1200 1433 1266; x_wconf 85' lang='lat' dir='ltr'><strong>Societatis</strong></span> 
     </span>
     <span class='ocr_line' id='line_1_10' title="bbox 185 1287 1433 1373; baseline 0.001 -22"><span class='ocrx_word' id='word_1_70' title='bbox 185 1287 377 1351; x_wconf 91' lang='lat' dir='ltr'><strong>Brixiensis</strong></span> <span class='ocrx_word' id='word_1_71' title='bbox 392 1287 511 1373; x_wconf 74' lang='lat' dir='ltr'><strong>Typis.</strong></span> <span class='ocrx_word' id='word_1_72' title='bbox 527 1287 655 1352; x_wconf 79' lang='lat' dir='ltr'><strong>MDOI.</strong></span> <span class='ocrx_word' id='word_1_73' title='bbox 672 1291 719 1354; x_wconf 75' lang='lat'><strong>4⁰.</strong></span> <span class='ocrx_word' id='word_1_74' title='bbox 732 1328 765 1336; x_wconf 90' lang='lat'><strong>—</strong></span> <span class='ocrx_word' id='word_1_75' title='bbox 781 1295 834 1363; x_wconf 84' lang='lat' dir='ltr'><strong>(lb.</strong></span> <span class='ocrx_word' id='word_1_76' title='bbox 848 1315 874 1366; x_wconf 91' lang='lat' dir='ltr'><strong>p.</strong></span> <span class='ocrx_word' id='word_1_77' title='bbox 888 1296 1032 1349; x_wconf 71' lang='lat' dir='ltr'><strong>aar-‘2312</strong></span> <span class='ocrx_word' id='word_1_78' title='bbox 1053 1298 1115 1352; x_wconf 78' lang='lat' dir='ltr'><strong>Vita</strong></span> <span class='ocrx_word' id='word_1_79' title='bbox 1124 1297 1153 1352; x_wconf 85' lang='lat' dir='ltr'><strong>S.</strong></span> <span class='ocrx_word' id='word_1_80' title='bbox 1164 1297 1302 1351; x_wconf 75' lang='lat' dir='ltr'><strong>Bernardr&#39;</strong></span> <span class='ocrx_word' id='word_1_81' title='bbox 1312 1298 1433 1363; x_wconf 67' lang='lat' dir='ltr'><strong>abbatia,</strong></span> 
     </span>
     <span class='ocr_line' id='line_1_11' title="bbox 185 1372 1432 1446; baseline 0.006 -20"><span class='ocrx_word' id='word_1_82' title='bbox 185 1373 336 1442; x_wconf 86' lang='lat' dir='ltr'><strong>Doctrina,</strong></span> <span class='ocrx_word' id='word_1_83' title='bbox 354 1381 384 1427; x_wconf 88' lang='lat' dir='ltr'><strong>et</strong></span> <span class='ocrx_word' id='word_1_84' title='bbox 396 1374 544 1427; x_wconf 83' lang='lat' dir='ltr'><strong>miraculis</strong></span> <span class='ocrx_word' id='word_1_85' title='bbox 559 1372 679 1442; x_wconf 77' lang='lat' dir='ltr'><strong>gloriosi</strong></span> <span class='ocrx_word' id='word_1_86' title='bbox 695 1374 737 1428; x_wconf 80' lang='lat' dir='ltr'><strong>Ex</strong></span> <span class='ocrx_word' id='word_1_87' title='bbox 752 1393 787 1429; x_wconf 90' lang='lat' dir='ltr'><strong>ca</strong></span> <span class='ocrx_word' id='word_1_88' title='bbox 801 1393 875 1446; x_wconf 86' lang='lat' dir='ltr'><strong>quae</strong></span> <span class='ocrx_word' id='word_1_89' title='bbox 889 1384 936 1430; x_wconf 84' lang='lat' dir='ltr'><strong>est</strong></span> <span class='ocrx_word' id='word_1_90' title='bbox 948 1394 1000 1446; x_wconf 87' lang='lat' dir='ltr'><strong>per</strong></span> <span class='ocrx_word' id='word_1_91' title='bbox 1013 1378 1200 1433; x_wconf 82' lang='lat' dir='ltr'><strong>Guilielmum</strong></span> <span class='ocrx_word' id='word_1_92' title='bbox 1216 1377 1360 1432; x_wconf 83' lang='lat' dir='ltr'><strong>Abbatem</strong></span> <span class='ocrx_word' id='word_1_93' title='bbox 1375 1379 1432 1433; x_wconf 92' lang='lat' dir='ltr'><strong>Bo·</strong></span> 
     </span>
     <span class='ocr_line' id='line_1_12' title="bbox 185 1459 1292 1535; baseline 0.006 -22"><span class='ocrx_word' id='word_1_94' title='bbox 185 1461 337 1530; x_wconf 81' lang='lat' dir='ltr'><strong>naeuallis,</strong></span> <span class='ocrx_word' id='word_1_95' title='bbox 352 1469 381 1513; x_wconf 84' lang='lat' dir='ltr'><strong>et</strong></span> <span class='ocrx_word' id='word_1_96' title='bbox 394 1459 585 1515; x_wconf 83' lang='lat' dir='ltr'><strong>Godefridum</strong></span> <span class='ocrx_word' id='word_1_97' title='bbox 598 1460 864 1516; x_wconf 81' lang='lat' dir='ltr'><strong>Claraeuallensem</strong></span> <span class='ocrx_word' id='word_1_98' title='bbox 879 1464 1054 1518; x_wconf 83' lang='lat' dir='ltr'><strong>monachum</strong></span> <span class='ocrx_word' id='word_1_99' title='bbox 1074 1466 1257 1535; x_wconf 82' lang='lat' dir='ltr'><strong>conscripta).</strong></span> <span class='ocrx_word' id='word_1_100' title='bbox 1267 1496 1292 1503; x_wconf 89' lang='lat'>-</span> 
     </span>
    </p>
   </div>
   <div class='ocr_carea' id='block_1_3' title="bbox 236 1548 982 1620">
    <p class='ocr_par' dir='ltr' id='par_1_3' title="bbox 236 1548 982 1620">
     <span class='ocr_line' id='line_1_13' title="bbox 236 1548 982 1620; baseline 0.005 -19"><span class='ocrx_word' id='word_1_101' title='bbox 236 1548 315 1618; x_wconf 87' lang='lat' dir='ltr'><strong>(Not.</strong></span> <span class='ocrx_word' id='word_1_102' title='bbox 329 1566 365 1601; x_wconf 89' lang='lat' dir='ltr'><strong>ex</strong></span> <span class='ocrx_word' id='word_1_103' title='bbox 379 1549 508 1603; x_wconf 88' lang='lat' dir='ltr'><strong>biblioth.</strong></span> <span class='ocrx_word' id='word_1_104' title='bbox 523 1550 579 1603; x_wconf 90' lang='grc' dir='ltr'><strong>ΡΡ.</strong></span> <span class='ocrx_word' id='word_1_105' title='bbox 592 1549 752 1605; x_wconf 85' lang='lat' dir='ltr'><strong>Praedicat.</strong></span> <span class='ocrx_word' id='word_1_106' title='bbox 763 1549 946 1620; x_wconf 77' lang='lat' dir='ltr'><strong>vindobon).</strong></span> <span class='ocrx_word' id='word_1_107' title='bbox 958 1582 982 1591; x_wconf 84' lang='lat'><em>-</em></span> 
     </span>
    </p>
   </div>
   <div class='ocr_carea' id='block_1_4' title="bbox 184 1687 1431 2128">
    <p class='ocr_par' dir='ltr' id='par_1_4' title="bbox 186 1687 1431 1951">
     <span class='ocr_line' id='line_1_14' title="bbox 241 1687 1430 1772; baseline 0.002 -16"><span class='ocrx_word' id='word_1_108' title='bbox 241 1687 363 1756; x_wconf 71' lang='lat'><strong>754—</strong></span> <span class='ocrx_word' id='word_1_109' title='bbox 375 1691 506 1772; x_wconf 66' lang='lat' dir='ltr'><strong>Musei,</strong></span> <span class='ocrx_word' id='word_1_110' title='bbox 534 1689 695 1754; x_wconf 81' lang='lat' dir='ltr'><strong>Gieuarmi</strong></span> <span class='ocrx_word' id='word_1_111' title='bbox 717 1689 844 1755; x_wconf 80' lang='lat' dir='ltr'><strong>Pietro:</strong></span> <span class='ocrx_word' id='word_1_112' title='bbox 869 1690 935 1755; x_wconf 79' lang='lat' dir='ltr'><strong>Vite</strong></span> <span class='ocrx_word' id='word_1_113' title='bbox 949 1692 984 1755; x_wconf 84' lang='lat' dir='ltr'><strong>di</strong></span> <span class='ocrx_word' id='word_1_114' title='bbox 1000 1693 1155 1757; x_wconf 77' lang='lat' dir='ltr'><strong>dieeisette</strong></span> <span class='ocrx_word' id='word_1_115' title='bbox 1172 1691 1370 1758; x_wconf 84' lang='lat' dir='ltr'><strong>Confessori</strong></span> <span class='ocrx_word' id='word_1_116' title='bbox 1394 1694 1430 1758; x_wconf 87' lang='lat' dir='ltr'><strong>di</strong></span> 
     </span>
     <span class='ocr_line' id='line_1_15' title="bbox 186 1776 1431 1862; baseline 0.006 -23"><span class='ocrx_word' id='word_1_117' title='bbox 186 1776 310 1840; x_wconf 68' lang='lat' dir='ltr'><strong>Crista</strong></span> <span class='ocrx_word' id='word_1_118' title='bbox 334 1777 446 1840; x_wconf 86' lang='lat' dir='ltr'><strong>Roma</strong></span> <span class='ocrx_word' id='word_1_119' title='bbox 462 1798 625 1862; x_wconf 88' lang='lat' dir='ltr'><strong>appresso</strong></span> <span class='ocrx_word' id='word_1_120' title='bbox 642 1776 746 1861; x_wconf 85' lang='lat' dir='ltr'><strong>Luigi</strong></span> <span class='ocrx_word' id='word_1_121' title='bbox 762 1777 910 1842; x_wconf 87' lang='lat' dir='ltr'><strong>Zanetti.</strong></span> <span class='ocrx_word' id='word_1_122' title='bbox 929 1789 1022 1843; x_wconf 70' lang='lat'><strong>1601.</strong></span> <span class='ocrx_word' id='word_1_123' title='bbox 1038 1780 1085 1843; x_wconf 85' lang='lat'><strong>4⁰.</strong></span> <span class='ocrx_word' id='word_1_124' title='bbox 1097 1817 1131 1826; x_wconf 98' lang='lat'>-</span> <span class='ocrx_word' id='word_1_125' title='bbox 1144 1778 1246 1859; x_wconf 80' lang='lat' dir='ltr'><strong>(ibid.</strong></span> <span class='ocrx_word' id='word_1_126' title='bbox 1263 1779 1290 1844; x_wconf 92' lang='grc' dir='ltr'><strong>Ι.</strong></span> <span class='ocrx_word' id='word_1_127' title='bbox 1306 1779 1380 1845; x_wconf 76' lang='lat' dir='ltr'><strong>Vita</strong></span> <span class='ocrx_word' id='word_1_128' title='bbox 1396 1782 1431 1846; x_wconf 82' lang='lat' dir='ltr'><strong>di</strong></span> 
     </span>
     <span class='ocr_line' id='line_1_16' title="bbox 186 1863 1011 1951; baseline 0.006 -26"><span class='ocrx_word' id='word_1_129' title='bbox 186 1864 219 1926; x_wconf 84' lang='lat' dir='ltr'><strong>S.</strong></span> <span class='ocrx_word' id='word_1_130' title='bbox 236 1864 415 1928; x_wconf 73' lang='lat' dir='ltr'><strong>JIalaclria.</strong></span> <span class='ocrx_word' id='word_1_131' title='bbox 426 1902 460 1911; x_wconf 95' lang='lat'><em>-</em></span> <span class='ocrx_word' id='word_1_132' title='bbox 475 1863 558 1928; x_wconf 86' lang='lat' dir='ltr'><strong>XII.</strong></span> <span class='ocrx_word' id='word_1_133' title='bbox 583 1864 656 1928; x_wconf 83' lang='lat' dir='ltr'><strong>Vita</strong></span> <span class='ocrx_word' id='word_1_134' title='bbox 673 1866 707 1928; x_wconf 85' lang='lat' dir='ltr'><strong>di</strong></span> <span class='ocrx_word' id='word_1_135' title='bbox 724 1864 757 1929; x_wconf 76' lang='lat' dir='ltr'><strong>S.</strong></span> <span class='ocrx_word' id='word_1_136' title='bbox 773 1864 1011 1951; x_wconf 57' lang='lat' dir='ltr'><strong>Borrama).-</strong></span> 
     </span>
    </p>

    <p class='ocr_par' dir='ltr' id='par_1_5' title="bbox 184 1967 1430 2128">
     <span class='ocr_line' id='line_1_17' title="bbox 236 1967 1430 2040; baseline 0.003 -16"><span class='ocrx_word' id='word_1_137' title='bbox 236 1967 387 2036; x_wconf 83' lang='lat' dir='ltr'><strong>(Argelati,</strong></span> <span class='ocrx_word' id='word_1_138' title='bbox 400 1967 474 2021; x_wconf 92' lang='lat' dir='ltr'><strong>Bibl.</strong></span> <span class='ocrx_word' id='word_1_139' title='bbox 487 1967 513 2021; x_wconf 92' lang='lat' dir='ltr'><strong>d.</strong></span> <span class='ocrx_word' id='word_1_140' title='bbox 527 1967 688 2037; x_wconf 80' lang='lat' dir='ltr'><strong>Volgariza.</strong></span> <span class='ocrx_word' id='word_1_141' title='bbox 700 1968 733 2023; x_wconf 93' lang='lat' dir='ltr'><strong>V.</strong></span> <span class='ocrx_word' id='word_1_142' title='bbox 744 1969 802 2023; x_wconf 81' lang='grc'><strong>754.</strong></span> <span class='ocrx_word' id='word_1_143' title='bbox 813 1999 838 2007; x_wconf 97' lang='grc'>-</span> <span class='ocrx_word' id='word_1_144' title='bbox 846 1969 892 2022; x_wconf 89' lang='lat' dir='ltr'><strong>De</strong></span> <span class='ocrx_word' id='word_1_145' title='bbox 904 1969 1024 2033; x_wconf 80' lang='lat' dir='ltr'><strong>Becker,</strong></span> <span class='ocrx_word' id='word_1_146' title='bbox 1039 1968 1144 2040; x_wconf 63' lang='lat' dir='ltr'><strong>EdeI.</strong></span> <span class='ocrx_word' id='word_1_147' title='bbox 1158 1969 1217 2023; x_wconf 76' lang='lat'><strong>953.</strong></span> <span class='ocrx_word' id='word_1_148' title='bbox 1226 2002 1251 2010; x_wconf 97' lang='lat'>-</span> <span class='ocrx_word' id='word_1_149' title='bbox 1263 1970 1342 2026; x_wconf 86' lang='lat' dir='ltr'><strong>Hist.</strong></span> <span class='ocrx_word' id='word_1_150' title='bbox 1361 1971 1430 2027; x_wconf 89' lang='lat' dir='ltr'><strong>Litt.</strong></span> 
     </span>
     <span class='ocr_line' id='line_1_18' title="bbox 184 2053 1088 2128; baseline 0.002 -21"><span class='ocrx_word' id='word_1_151' title='bbox 184 2053 220 2107; x_wconf 79' lang='lat' dir='ltr'><strong>de.</strong></span> <span class='ocrx_word' id='word_1_152' title='bbox 233 2053 262 2107; x_wconf 89' lang='lat' dir='ltr'><strong>la</strong></span> <span class='ocrx_word' id='word_1_153' title='bbox 275 2053 386 2108; x_wconf 80' lang='lat' dir='ltr'><strong>Franco</strong></span> <span class='ocrx_word' id='word_1_154' title='bbox 398 2054 483 2108; x_wconf 89' lang='lat' dir='ltr'><strong>XIII.</strong></span> <span class='ocrx_word' id='word_1_155' title='bbox 493 2054 552 2108; x_wconf 80' lang='grc'><strong>222.</strong></span> <span class='ocrx_word' id='word_1_156' title='bbox 563 2086 587 2093; x_wconf 93' lang='grc'><strong>-</strong></span> <span class='ocrx_word' id='word_1_157' title='bbox 601 2055 728 2110; x_wconf 86' lang='lat' dir='ltr'><strong>Stcwart</strong></span> <span class='ocrx_word' id='word_1_158' title='bbox 740 2055 831 2109; x_wconf 85' lang='lat' dir='ltr'><strong>Catal.</strong></span> <span class='ocrx_word' id='word_1_159' title='bbox 845 2056 904 2109; x_wconf 80' lang='lat'><strong>320.</strong></span> <span class='ocrx_word' id='word_1_160' title='bbox 918 2056 952 2109; x_wconf 92' lang='lat' dir='ltr'><strong>N.</strong></span> <span class='ocrx_word' id='word_1_161' title='bbox 965 2055 1053 2128; x_wconf 81' lang='grc'><strong>41128).</strong></span> <span class='ocrx_word' id='word_1_162' title='bbox 1063 2087 1088 2095; x_wconf 92' lang='grc'>-</span> 
     </span>
    </p>
   </div>
   <div class='ocr_carea' id='block_1_5' title="bbox 724 2234 889 2302">
    <p class='ocr_par' dir='ltr' id='par_1_6' title="bbox 724 2234 889 2302">
     <span class='ocr_line' id='line_1_19' title="bbox 724 2234 889 2302; baseline 0.012 -2"><span class='ocrx_word' id='word_1_163' title='bbox 724 2234 762 2301; x_wconf 81' lang='grc' dir='ltr'><strong>Δ.</strong></span> <span class='ocrx_word' id='word_1_164' title='bbox 785 2236 889 2302; x_wconf 78' lang='grc' dir='ltr'><strong>1602τ</strong></span> 
     </span>
    </p>
   </div>
   <div class='ocr_carea' id='block_1_6' title="bbox 183 2369 1431 2892">
    <p class='ocr_par' dir='ltr' id='par_1_7' title="bbox 183 2369 1431 2631">
     <span class='ocr_line' id='line_1_20' title="bbox 238 2369 1431 2463; baseline 0.002 -26"><span class='ocrx_word' id='word_1_165' title='bbox 238 2369 312 2438; x_wconf 85' lang='grc'><strong>755.</strong></span> <span class='ocrx_word' id='word_1_166' title='bbox 326 2409 365 2419; x_wconf 86' lang='grc'>-</span> <span class='ocrx_word' id='word_1_167' title='bbox 379 2372 583 2456; x_wconf 77' lang='lat' dir='ltr'><strong>Aichinqer‚</strong></span> <span class='ocrx_word' id='word_1_168' title='bbox 604 2374 776 2454; x_wconf 68' lang='lat' dir='ltr'><strong>(irepcrias</strong></span> <span class='ocrx_word' id='word_1_169' title='bbox 790 2376 812 2449; x_wconf 77' lang='lat'><strong>¹)</strong></span> <span class='ocrx_word' id='word_1_170' title='bbox 822 2394 833 2435; x_wconf 91' lang='grc'><strong>.·</strong></span> <span class='ocrx_word' id='word_1_171' title='bbox 855 2374 981 2463; x_wconf 74' lang='lat' dir='ltr'><strong>odaria</strong></span> <span class='ocrx_word' id='word_1_172' title='bbox 999 2374 1170 2439; x_wconf 81' lang='lat' dir='ltr'><strong>lectissima</strong></span> <span class='ocrx_word' id='word_1_173' title='bbox 1185 2373 1227 2438; x_wconf 87' lang='lat' dir='ltr'><strong>I).</strong></span> <span class='ocrx_word' id='word_1_174' title='bbox 1244 2374 1431 2440; x_wconf 72' lang='lat' dir='ltr'><strong>Baahardi</strong></span> 
     </span>
     <span class='ocr_line' id='line_1_21' title="bbox 183 2456 1429 2545; baseline 0.007 -28"><span class='ocrx_word' id='word_1_175' title='bbox 183 2456 292 2521; x_wconf 82' lang='lat' dir='ltr'><strong>Jabilo</strong></span> <span class='ocrx_word' id='word_1_176' title='bbox 313 2458 452 2522; x_wconf 80' lang='lat' dir='ltr'><strong>delibata</strong></span> <span class='ocrx_word' id='word_1_177' title='bbox 470 2457 651 2542; x_wconf 88' lang='lat' dir='ltr'><strong>modisque</strong></span> <span class='ocrx_word' id='word_1_178' title='bbox 670 2458 812 2524; x_wconf 87' lang='lat' dir='ltr'><strong>musicis</strong></span> <span class='ocrx_word' id='word_1_179' title='bbox 831 2459 957 2545; x_wconf 87' lang='lat' dir='ltr'><strong>partim</strong></span> <span class='ocrx_word' id='word_1_180' title='bbox 974 2467 1123 2544; x_wconf 88' lang='lat' dir='ltr'><strong>quatuor</strong></span> <span class='ocrx_word' id='word_1_181' title='bbox 1141 2459 1320 2545; x_wconf 87' lang='lat' dir='ltr'><strong>tribusque</strong></span> <span class='ocrx_word' id='word_1_182' title='bbox 1336 2461 1429 2526; x_wconf 86' lang='lat' dir='ltr'><strong>voci-</strong></span> 
     </span>
     <span class='ocr_line' id='line_1_22' title="bbox 183 2542 1138 2631; baseline 0.006 -25"><span class='ocrx_word' id='word_1_183' title='bbox 183 2542 247 2608; x_wconf 88' lang='lat' dir='ltr'><strong>bus</strong></span> <span class='ocrx_word' id='word_1_184' title='bbox 263 2566 433 2630; x_wconf 86' lang='lat' dir='ltr'><strong>expressa.</strong></span> <span class='ocrx_word' id='word_1_185' title='bbox 451 2545 670 2610; x_wconf 81' lang='lat' dir='ltr'><strong>Francoi&#39;urti</strong></span> <span class='ocrx_word' id='word_1_186' title='bbox 687 2555 722 2610; x_wconf 90' lang='lat' dir='ltr'><strong>et</strong></span> <span class='ocrx_word' id='word_1_187' title='bbox 737 2548 917 2631; x_wconf 84' lang='lat' dir='ltr'><strong>Augustae</strong></span> <span class='ocrx_word' id='word_1_188' title='bbox 936 2558 1028 2612; x_wconf 82' lang='lat'><strong>1602.</strong></span> <span class='ocrx_word' id='word_1_189' title='bbox 1046 2549 1092 2612; x_wconf 79' lang='lat'><strong>4⁰.</strong></span> <span class='ocrx_word' id='word_1_190' title='bbox 1106 2586 1138 2596; x_wconf 91' lang='lat'>-</span> 
     </span>
    </p>

    <p class='ocr_par' dir='ltr' id='par_1_8' title="bbox 235 2647 1074 2721">
     <span class='ocr_line' id='line_1_23' title="bbox 235 2647 1074 2721; baseline 0.001 -20"><span class='ocrx_word' id='word_1_191' title='bbox 235 2647 415 2711; x_wconf 84' lang='lat' dir='ltr'><strong>(Hendreiclr</strong></span> <span class='ocrx_word' id='word_1_192' title='bbox 427 2647 450 2701; x_wconf 95' lang='lat' dir='ltr'><strong>I.</strong></span> <span class='ocrx_word' id='word_1_193' title='bbox 465 2649 505 2702; x_wconf 79' lang='lat'><strong>72.</strong></span> <span class='ocrx_word' id='word_1_194' title='bbox 515 2681 540 2688; x_wconf 98' lang='lat'>—</span> <span class='ocrx_word' id='word_1_195' title='bbox 549 2649 666 2717; x_wconf 68' lang='lat' dir='ltr'><strong>dechar,</strong></span> <span class='ocrx_word' id='word_1_196' title='bbox 683 2649 758 2720; x_wconf 79' lang='lat' dir='ltr'><strong>Allg.</strong></span> <span class='ocrx_word' id='word_1_197' title='bbox 772 2650 835 2705; x_wconf 84' lang='lat' dir='ltr'><strong>Gal.</strong></span> <span class='ocrx_word' id='word_1_198' title='bbox 849 2651 919 2704; x_wconf 86' lang='lat' dir='ltr'><strong>Lex.</strong></span> <span class='ocrx_word' id='word_1_199' title='bbox 933 2651 955 2704; x_wconf 87' lang='lat' dir='ltr'><strong>l.</strong></span> <span class='ocrx_word' id='word_1_200' title='bbox 971 2651 1039 2721; x_wconf 75' lang='grc'><strong>167),</strong></span> <span class='ocrx_word' id='word_1_201' title='bbox 1049 2682 1074 2691; x_wconf 93' lang='lat'><em>-</em></span> 
     </span>
    </p>

    <p class='ocr_par' dir='ltr' id='par_1_9' title="bbox 183 2734 1430 2892">
     <span class='ocr_line' id='line_1_24' title="bbox 236 2734 1430 2810; baseline 0.004 -21"><span class='ocrx_word' id='word_1_202' title='bbox 236 2734 270 2790; x_wconf 88' lang='lat' dir='ltr'><strong>N.</strong></span> <span class='ocrx_word' id='word_1_203' title='bbox 288 2739 314 2788; x_wconf 89' lang='lat' dir='ltr'><strong>l:</strong></span> <span class='ocrx_word' id='word_1_204' title='bbox 329 2736 484 2807; x_wconf 79' lang='lat' dir='ltr'><strong>presbyter</strong></span> <span class='ocrx_word' id='word_1_205' title='bbox 496 2737 623 2790; x_wconf 86' lang='lat' dir='ltr'><strong>musices</strong></span> <span class='ocrx_word' id='word_1_206' title='bbox 636 2738 841 2807; x_wconf 89' lang='lat' dir='ltr'><strong>peritissimus,</strong></span> <span class='ocrx_word' id='word_1_207' title='bbox 854 2737 957 2791; x_wconf 82' lang='lat' dir='ltr'><strong>Jacobi</strong></span> <span class='ocrx_word' id='word_1_208' title='bbox 974 2738 1097 2808; x_wconf 63' lang='lat' dir='ltr'><strong>I&#39;uggcri</strong></span> <span class='ocrx_word' id='word_1_209' title='bbox 1110 2739 1200 2810; x_wconf 87' lang='lat' dir='ltr'><strong>(San.)</strong></span> <span class='ocrx_word' id='word_1_210' title='bbox 1217 2739 1253 2793; x_wconf 89' lang='lat' dir='ltr'><strong>de</strong></span> <span class='ocrx_word' id='word_1_211' title='bbox 1266 2739 1430 2809; x_wconf 78' lang='lat' dir='ltr'><strong>Kirchbcrg</strong></span> 
     </span>
     <span class='ocr_line' id='line_1_25' title="bbox 183 2822 684 2892; baseline 0.006 -17"><span class='ocrx_word' id='word_1_212' title='bbox 183 2829 213 2875; x_wconf 82' lang='lat' dir='ltr'><strong>et</strong></span> <span class='ocrx_word' id='word_1_213' title='bbox 227 2822 440 2877; x_wconf 84' lang='lat' dir='ltr'><strong>Weissenborn</strong></span> <span class='ocrx_word' id='word_1_214' title='bbox 454 2823 648 2892; x_wconf 84' lang='lat' dir='ltr'><strong>organcedus.</strong></span> <span class='ocrx_word' id='word_1_215' title='bbox 660 2856 684 2863; x_wconf 97' lang='lat'><em>-</em></span> 
     </span>
    </p>
   </div>
   <div class='ocr_carea' id='block_1_7' title="bbox 183 2962 1430 3226">
    <p class='ocr_par' dir='ltr' id='par_1_10' title="bbox 183 2962 1430 3226">
     <span class='ocr_line' id='line_1_26' title="bbox 237 2962 1429 3049; baseline 0.002 -20"><span class='ocrx_word' id='word_1_216' title='bbox 237 2962 310 3030; x_wconf 77' lang='grc'><strong>755.</strong></span> <span class='ocrx_word' id='word_1_217' title='bbox 321 3003 362 3010; x_wconf 93' lang='grc'><strong>-</strong></span> <span class='ocrx_word' id='word_1_218' title='bbox 374 2970 383 3037; x_wconf 85' lang='grc'><strong>1</strong></span> <span class='ocrx_word' id='word_1_219' title='bbox 388 2964 421 3031; x_wconf 89' lang='lat' dir='ltr'><strong>S.</strong></span> <span class='ocrx_word' id='word_1_220' title='bbox 434 2966 654 3032; x_wconf 73' lang='lat' dir='ltr'><strong>Bernartius.</strong></span> <span class='ocrx_word' id='word_1_221' title='bbox 673 2966 785 3046; x_wconf 65' lang='lat' dir='ltr'><strong>(laura.</strong></span> <span class='ocrx_word' id='word_1_222' title='bbox 796 2978 852 3049; x_wconf 74' lang='grc'><strong>-1</strong></span> <span class='ocrx_word' id='word_1_223' title='bbox 868 2966 949 3031; x_wconf 90' lang='lat' dir='ltr'><strong>Divi</strong></span> <span class='ocrx_word' id='word_1_224' title='bbox 962 2966 1131 3030; x_wconf 88' lang='lat' dir='ltr'><strong>Bernardi</strong></span> <span class='ocrx_word' id='word_1_225' title='bbox 1144 2965 1429 3032; x_wconf 81' lang='lat' dir='ltr'><strong>Claraevallensis</strong></span> 
     </span>
     <span class='ocr_line' id='line_1_27' title="bbox 183 3049 1430 3139; baseline 0.005 -26"><span class='ocrx_word' id='word_1_226' title='bbox 183 3049 317 3114; x_wconf 84' lang='lat' dir='ltr'><strong>abbatis</strong></span> <span class='ocrx_word' id='word_1_227' title='bbox 332 3050 442 3136; x_wconf 87' lang='lat' dir='ltr'><strong>primi,</strong></span> <span class='ocrx_word' id='word_1_228' title='bbox 459 3051 708 3135; x_wconf 87' lang='lat' dir='ltr'><strong>religiosissimi</strong></span> <span class='ocrx_word' id='word_1_229' title='bbox 726 3053 903 3117; x_wconf 87' lang='lat' dir='ltr'><strong>Ecclesiae</strong></span> <span class='ocrx_word' id='word_1_230' title='bbox 917 3053 1089 3135; x_wconf 88' lang='lat' dir='ltr'><strong>Doctoris,</strong></span> <span class='ocrx_word' id='word_1_231' title='bbox 1106 3052 1382 3139; x_wconf 83' lang='lat' dir='ltr'><strong>suauissimique,</strong></span> <span class='ocrx_word' id='word_1_232' title='bbox 1395 3068 1430 3119; x_wconf 86' lang='lat' dir='ltr'><strong>et</strong></span> 
     </span>
     <span class='ocr_line' id='line_1_28' title="bbox 183 3136 1429 3226; baseline 0.005 -27"><span class='ocrx_word' id='word_1_233' title='bbox 183 3136 274 3220; x_wconf 88' lang='lat' dir='ltr'><strong>quod</strong></span> <span class='ocrx_word' id='word_1_234' title='bbox 289 3159 352 3223; x_wconf 87' lang='lat' dir='ltr'><strong>pro</strong></span> <span class='ocrx_word' id='word_1_235' title='bbox 369 3137 495 3201; x_wconf 86' lang='lat' dir='ltr'><strong>eximia</strong></span> <span class='ocrx_word' id='word_1_236' title='bbox 515 3138 608 3202; x_wconf 91' lang='lat' dir='ltr'><strong>illius</strong></span> <span class='ocrx_word' id='word_1_237' title='bbox 626 3139 754 3224; x_wconf 87' lang='lat' dir='ltr'><strong>pietate</strong></span> <span class='ocrx_word' id='word_1_238' title='bbox 774 3161 842 3204; x_wconf 88' lang='lat' dir='ltr'><strong>non</strong></span> <span class='ocrx_word' id='word_1_239' title='bbox 864 3139 990 3204; x_wconf 87' lang='lat' dir='ltr'><strong>iniuria</strong></span> <span class='ocrx_word' id='word_1_240' title='bbox 1006 3139 1143 3222; x_wconf 83' lang='lat' dir='ltr'><strong>dixeris,</strong></span> <span class='ocrx_word' id='word_1_241' title='bbox 1163 3140 1265 3226; x_wconf 90' lang='lat' dir='ltr'><strong>plane</strong></span> <span class='ocrx_word' id='word_1_242' title='bbox 1280 3140 1429 3205; x_wconf 80' lang='lat' dir='ltr'><strong>Theodi·</strong></span> 
     </span>
    </p>
   </div>
   <div class='ocr_carea' id='block_1_8' title="bbox 181 3223 1429 3383">
    <p class='ocr_par' dir='ltr' id='par_1_11' title="bbox 181 3223 1429 3383">
     <span class='ocr_line' id='line_1_29' title="bbox 183 3223 1429 3305; baseline 0.002 -18"><span class='ocrx_word' id='word_1_243' title='bbox 183 3223 285 3305; x_wconf 80' lang='lat' dir='ltr'><strong>(lacti,</strong></span> <span class='ocrx_word' id='word_1_244' title='bbox 306 3229 409 3305; x_wconf 75' lang='lat' dir='ltr'><strong>Opera</strong></span> <span class='ocrx_word' id='word_1_245' title='bbox 429 3227 545 3289; x_wconf 67' lang='lat' dir='ltr'><strong>(laonia</strong></span> <span class='ocrx_word' id='word_1_246' title='bbox 562 3232 633 3285; x_wconf 80' lang='lat' dir='ltr'><strong>&#39;Pam</strong></span> <span class='ocrx_word' id='word_1_247' title='bbox 648 3251 723 3302; x_wconf 86' lang='lat' dir='ltr'><strong>qvae</strong></span> <span class='ocrx_word' id='word_1_248' title='bbox 737 3251 805 3288; x_wconf 88' lang='lat' dir='ltr'><strong>vere</strong></span> <span class='ocrx_word' id='word_1_249' title='bbox 816 3235 963 3288; x_wconf 82' lang='lat' dir='ltr'><strong>Gennana</strong></span> <span class='ocrx_word' id='word_1_250' title='bbox 975 3234 1053 3289; x_wconf 81' lang='lat' dir='ltr'><strong>lllivs</strong></span> <span class='ocrx_word' id='word_1_251' title='bbox 1067 3251 1133 3288; x_wconf 87' lang='lat' dir='ltr'><strong>esse</strong></span> <span class='ocrx_word' id='word_1_252' title='bbox 1147 3251 1233 3288; x_wconf 89' lang='lat' dir='ltr'><strong>nemo</strong></span> <span class='ocrx_word' id='word_1_253' title='bbox 1246 3234 1359 3290; x_wconf 85' lang='lat' dir='ltr'><strong>inficias</strong></span> <span class='ocrx_word' id='word_1_254' title='bbox 1373 3245 1429 3303; x_wconf 84' lang='lat' dir='ltr'><strong>eat,</strong></span> 
     </span>
     <span class='ocr_line' id='line_1_30' title="bbox 181 3311 1429 3383; baseline 0.003 -22"><span class='ocrx_word' id='word_1_255' title='bbox 181 3326 268 3379; x_wconf 82' lang='lat' dir='ltr'><strong>quam</strong></span> <span class='ocrx_word' id='word_1_256' title='bbox 279 3326 354 3380; x_wconf 77' lang='lat' dir='ltr'><strong>quae</strong></span> <span class='ocrx_word' id='word_1_257' title='bbox 364 3312 464 3381; x_wconf 85' lang='lat' dir='ltr'><strong>spuria</strong></span> <span class='ocrx_word' id='word_1_258' title='bbox 474 3318 504 3364; x_wconf 89' lang='lat' dir='ltr'><strong>et</strong></span> <span class='ocrx_word' id='word_1_259' title='bbox 513 3312 703 3381; x_wconf 86' lang='lat' dir='ltr'><strong>supposititia</strong></span> <span class='ocrx_word' id='word_1_260' title='bbox 712 3312 900 3381; x_wconf 81' lang='lat' dir='ltr'><strong>(quemquam</strong></span> <span class='ocrx_word' id='word_1_261' title='bbox 911 3330 968 3365; x_wconf 91' lang='lat' dir='ltr'><strong>non</strong></span> <span class='ocrx_word' id='word_1_262' title='bbox 980 3311 1130 3367; x_wconf 87' lang='lat' dir='ltr'><strong>dissimilis</strong></span> <span class='ocrx_word' id='word_1_263' title='bbox 1140 3313 1271 3382; x_wconf 84' lang='lat' dir='ltr'><strong>pietatis)</strong></span> <span class='ocrx_word' id='word_1_264' title='bbox 1281 3312 1429 3383; x_wconf 87' lang='lat' dir='ltr'><strong>plerisque</strong></span> 
     </span>
    </p>
   </div>
   <div class='ocr_carea' id='block_1_9' title="bbox 179 3394 1430 3990">
    <p class='ocr_par' dir='ltr' id='par_1_12' title="bbox 179 3394 1430 3990">
     <span class='ocr_line' id='line_1_31' title="bbox 183 3394 1430 3469; baseline 0.004 -21"><span class='ocrx_word' id='word_1_265' title='bbox 183 3394 276 3449; x_wconf 80' lang='lat' dir='ltr'><strong>videri</strong></span> <span class='ocrx_word' id='word_1_266' title='bbox 290 3404 423 3466; x_wconf 87' lang='lat' dir='ltr'><strong>possunt,</strong></span> <span class='ocrx_word' id='word_1_267' title='bbox 437 3396 662 3467; x_wconf 84' lang='lat' dir='ltr'><strong>diligentissime</strong></span> <span class='ocrx_word' id='word_1_268' title='bbox 673 3416 752 3451; x_wconf 92' lang='lat' dir='ltr'><strong>nunc</strong></span> <span class='ocrx_word' id='word_1_269' title='bbox 763 3401 889 3468; x_wconf 87' lang='lat' dir='ltr'><strong>primurn</strong></span> <span class='ocrx_word' id='word_1_270' title='bbox 901 3401 1060 3467; x_wconf 76' lang='lat' dir='ltr'><strong>recognita,</strong></span> <span class='ocrx_word' id='word_1_271' title='bbox 1077 3404 1164 3452; x_wconf 85' lang='lat' dir='ltr'><strong>aucta</strong></span> <span class='ocrx_word' id='word_1_272' title='bbox 1177 3416 1211 3451; x_wconf 84' lang='lat' dir='ltr'><strong>ac</strong></span> <span class='ocrx_word' id='word_1_273' title='bbox 1224 3399 1385 3469; x_wconf 87' lang='lat' dir='ltr'><strong>emendata,</strong></span> <span class='ocrx_word' id='word_1_274' title='bbox 1399 3408 1430 3454; x_wconf 87' lang='lat' dir='ltr'><strong>et</strong></span> 
     </span>
     <span class='ocr_line' id='line_1_32' title="bbox 180 3481 1428 3556; baseline 0.003 -21"><span class='ocrx_word' id='word_1_275' title='bbox 180 3484 210 3535; x_wconf 90' lang='lat' dir='ltr'><strong>in</strong></span> <span class='ocrx_word' id='word_1_276' title='bbox 222 3481 354 3537; x_wconf 86' lang='lat' dir='ltr'><strong>ordinem</strong></span> <span class='ocrx_word' id='word_1_277' title='bbox 367 3485 583 3537; x_wconf 85' lang='lat' dir='ltr'><strong>concinniorem</strong></span> <span class='ocrx_word' id='word_1_278' title='bbox 594 3484 744 3555; x_wconf 82' lang='lat' dir='ltr'><strong>dIsposita.</strong></span> <span class='ocrx_word' id='word_1_279' title='bbox 759 3486 798 3539; x_wconf 87' lang='lat' dir='ltr'><strong>Vt</strong></span> <span class='ocrx_word' id='word_1_280' title='bbox 810 3502 846 3539; x_wconf 86' lang='lat' dir='ltr'><strong>cx</strong></span> <span class='ocrx_word' id='word_1_281' title='bbox 859 3486 1041 3556; x_wconf 73' lang='lat' dir='ltr'><strong>praelatione</strong></span> <span class='ocrx_word' id='word_1_282' title='bbox 1054 3484 1091 3539; x_wconf 88' lang='lat' dir='ltr'><strong>ud</strong></span> <span class='ocrx_word' id='word_1_283' title='bbox 1103 3484 1251 3552; x_wconf 84' lang='lat' dir='ltr'><strong>lectorem,</strong></span> <span class='ocrx_word' id='word_1_284' title='bbox 1266 3491 1296 3539; x_wconf 92' lang='lat' dir='ltr'><strong>et</strong></span> <span class='ocrx_word' id='word_1_285' title='bbox 1306 3503 1428 3556; x_wconf 89' lang='lat' dir='ltr'><strong>operum</strong></span> 
     </span>
     <span class='ocr_line' id='line_1_33' title="bbox 182 3567 1427 3642; baseline 0.004 -20"><span class='ocrx_word' id='word_1_286' title='bbox 182 3567 333 3640; x_wconf 79' lang='lat' dir='ltr'><strong>Catalogo,</strong></span> <span class='ocrx_word' id='word_1_287' title='bbox 345 3572 472 3624; x_wconf 89' lang='lat' dir='ltr'><strong>maxime</strong></span> <span class='ocrx_word' id='word_1_288' title='bbox 484 3570 633 3640; x_wconf 88' lang='lat' dir='ltr'><strong>veroquid</strong></span> <span class='ocrx_word' id='word_1_289' title='bbox 647 3572 676 3624; x_wconf 89' lang='lat' dir='ltr'><strong>in</strong></span> <span class='ocrx_word' id='word_1_290' title='bbox 688 3571 744 3626; x_wconf 89' lang='lat' dir='ltr'><strong>hac</strong></span> <span class='ocrx_word' id='word_1_291' title='bbox 755 3571 881 3626; x_wconf 84' lang='lat' dir='ltr'><strong>editione</strong></span> <span class='ocrx_word' id='word_1_292' title='bbox 895 3574 935 3627; x_wconf 83' lang='lat' dir='ltr'><strong>sit</strong></span> <span class='ocrx_word' id='word_1_293' title='bbox 943 3574 1118 3642; x_wconf 81' lang='lat' dir='ltr'><strong>praestitum</strong></span> <span class='ocrx_word' id='word_1_294' title='bbox 1130 3570 1230 3625; x_wconf 81' lang='lat' dir='ltr'><strong>licebit</strong></span> <span class='ocrx_word' id='word_1_295' title='bbox 1242 3589 1427 3641; x_wconf 83' lang='lat' dir='ltr'><strong>cognoscere.</strong></span> 
     </span>
     <span class='ocr_line' id='line_1_34' title="bbox 182 3654 1428 3729; baseline 0.002 -19"><span class='ocrx_word' id='word_1_296' title='bbox 182 3655 256 3710; x_wconf 88' lang='lat' dir='ltr'><strong>Cum</strong></span> <span class='ocrx_word' id='word_1_297' title='bbox 272 3654 372 3710; x_wconf 90' lang='lat' dir='ltr'><strong>Indice</strong></span> <span class='ocrx_word' id='word_1_298' title='bbox 385 3655 502 3727; x_wconf 84' lang='lat' dir='ltr'><strong>duplici,</strong></span> <span class='ocrx_word' id='word_1_299' title='bbox 515 3657 609 3711; x_wconf 85' lang='lat' dir='ltr'><strong>altero</strong></span> <span class='ocrx_word' id='word_1_300' title='bbox 622 3658 753 3712; x_wconf 87' lang='lat' dir='ltr'><strong>locorum</strong></span> <span class='ocrx_word' id='word_1_301' title='bbox 771 3675 870 3712; x_wconf 88' lang='lat' dir='ltr'><strong>sacrae</strong></span> <span class='ocrx_word' id='word_1_302' title='bbox 885 3661 1047 3729; x_wconf 87' lang='lat' dir='ltr'><strong>scripturae</strong></span> <span class='ocrx_word' id='word_1_303' title='bbox 1059 3660 1169 3729; x_wconf 82' lang='lat' dir='ltr'><strong>passim</strong></span> <span class='ocrx_word' id='word_1_304' title='bbox 1182 3658 1296 3729; x_wconf 87' lang='lat' dir='ltr'><strong>abipso</strong></span> <span class='ocrx_word' id='word_1_305' title='bbox 1309 3659 1344 3715; x_wconf 90' lang='lat' dir='ltr'><strong>D.</strong></span> <span class='ocrx_word' id='word_1_306' title='bbox 1358 3659 1428 3714; x_wconf 87' lang='lat' dir='ltr'><strong>Ber·</strong></span> 
     </span>
     <span class='ocr_line' id='line_1_35' title="bbox 180 3743 1428 3816; baseline 0.004 -19"><span class='ocrx_word' id='word_1_307' title='bbox 180 3743 273 3797; x_wconf 90' lang='lat' dir='ltr'><strong>nardo</strong></span> <span class='ocrx_word' id='word_1_308' title='bbox 287 3744 507 3814; x_wconf 86' lang='lat' dir='ltr'><strong>explicatorum,</strong></span> <span class='ocrx_word' id='word_1_309' title='bbox 521 3744 613 3798; x_wconf 78' lang='lat' dir='ltr'><strong>altero</strong></span> <span class='ocrx_word' id='word_1_310' title='bbox 625 3762 719 3815; x_wconf 88' lang='lat' dir='ltr'><strong>eoquo</strong></span> <span class='ocrx_word' id='word_1_311' title='bbox 731 3762 810 3798; x_wconf 91' lang='lat' dir='ltr'><strong>nouo</strong></span> <span class='ocrx_word' id='word_1_312' title='bbox 821 3751 851 3799; x_wconf 90' lang='lat' dir='ltr'><strong>et</strong></span> <span class='ocrx_word' id='word_1_313' title='bbox 863 3746 961 3816; x_wconf 90' lang='lat' dir='ltr'><strong>amplo</strong></span> <span class='ocrx_word' id='word_1_314' title='bbox 971 3764 1069 3799; x_wconf 88' lang='lat' dir='ltr'><strong>rerum</strong></span> <span class='ocrx_word' id='word_1_315' title='bbox 1082 3754 1112 3800; x_wconf 90' lang='lat' dir='ltr'><strong>et</strong></span> <span class='ocrx_word' id='word_1_316' title='bbox 1122 3745 1286 3800; x_wconf 88' lang='lat' dir='ltr'><strong>verborum.</strong></span> <span class='ocrx_word' id='word_1_317' title='bbox 1297 3746 1428 3802; x_wconf 82' lang='lat' dir='ltr'><strong>Parisiis.</strong></span> 
     </span>
     <span class='ocr_line' id='line_1_36' title="bbox 179 3829 1428 3904; baseline 0.002 -19"><span class='ocrx_word' id='word_1_318' title='bbox 179 3829 345 3886; x_wconf 69' lang='lat' dir='ltr'><strong>moon.</strong></span> <span class='ocrx_word' id='word_1_319' title='bbox 362 3831 470 3899; x_wconf 75' lang='lat' dir='ltr'><strong>Magna</strong></span> <span class='ocrx_word' id='word_1_320' title='bbox 486 3831 585 3885; x_wconf 78' lang='lat' dir='ltr'><strong>Navis,</strong></span> <span class='ocrx_word' id='word_1_321' title='bbox 603 3831 676 3886; x_wconf 86' lang='lat' dir='ltr'><strong>Cvm</strong></span> <span class='ocrx_word' id='word_1_322' title='bbox 692 3832 851 3901; x_wconf 82' lang='lat' dir='ltr'><strong>Privilegio</strong></span> <span class='ocrx_word' id='word_1_323' title='bbox 867 3832 966 3903; x_wconf 84' lang='lat' dir='ltr'><strong>Regis.</strong></span> <span class='ocrx_word' id='word_1_324' title='bbox 979 3863 1003 3871; x_wconf 97' lang='lat'>—</span> <span class='ocrx_word' id='word_1_325' title='bbox 1018 3831 1080 3886; x_wconf 82' lang='lat' dir='ltr'><strong>Fol.</strong></span> <span class='ocrx_word' id='word_1_326' title='bbox 1096 3832 1244 3887; x_wconf 72' lang='lat' dir='ltr'><strong>Praelatio</strong></span> <span class='ocrx_word' id='word_1_327' title='bbox 1255 3838 1286 3897; x_wconf 83' lang='lat' dir='ltr'><strong>-l-</strong></span> <span class='ocrx_word' id='word_1_328' title='bbox 1299 3833 1428 3904; x_wconf 87' lang='lat' dir='ltr'><strong>Operum</strong></span> 
     </span>
     <span class='ocr_line' id='line_1_37' title="bbox 181 3917 1428 3990; baseline 0.003 -18"><span class='ocrx_word' id='word_1_329' title='bbox 181 3917 333 3989; x_wconf 77' lang='lat' dir='ltr'><strong>cat-alogus</strong></span> <span class='ocrx_word' id='word_1_330' title='bbox 342 3922 374 3981; x_wconf 76' lang='lat' dir='ltr'><strong>-l-</strong></span> <span class='ocrx_word' id='word_1_331' title='bbox 382 3917 475 3972; x_wconf 87' lang='lat' dir='ltr'><strong>Index</strong></span> <span class='ocrx_word' id='word_1_332' title='bbox 486 3930 544 3974; x_wconf 85' lang='lat' dir='ltr'><strong>vet.</strong></span> <span class='ocrx_word' id='word_1_333' title='bbox 557 3920 686 3989; x_wconf 87' lang='lat' dir='ltr'><strong>novique</strong></span> <span class='ocrx_word' id='word_1_334' title='bbox 698 3921 869 3973; x_wconf 81' lang='lat' dir='ltr'><strong>testamenti</strong></span> <span class='ocrx_word' id='word_1_335' title='bbox 881 3920 1013 3974; x_wconf 90' lang='lat' dir='ltr'><strong>locorum</strong></span> <span class='ocrx_word' id='word_1_336' title='bbox 1026 3921 1428 3990; x_wconf 80' lang='lat' dir='ltr'><strong>expositorum-l-columnae</strong></span> 
     </span>
    </p>
   </div>
   <div class='ocr_carea' id='block_1_10' title="bbox 180 4004 1428 4166">
    <p class='ocr_par' dir='ltr' id='par_1_13' title="bbox 180 4004 1428 4166">
     <span class='ocr_line' id='line_1_38' title="bbox 180 4004 1428 4077; baseline 0.005 -21"><span class='ocrx_word' id='word_1_337' title='bbox 180 4004 286 4059; x_wconf 84' lang='lat'><strong>3138</strong></span> <span class='ocrx_word' id='word_1_338' title='bbox 298 4005 391 4060; x_wconf 88' lang='lat' dir='ltr'><strong>Iudex</strong></span> <span class='ocrx_word' id='word_1_339' title='bbox 403 4023 501 4059; x_wconf 87' lang='lat' dir='ltr'><strong>rerum</strong></span> <span class='ocrx_word' id='word_1_340' title='bbox 510 4006 735 4077; x_wconf 84' lang='lat' dir='ltr'><strong>verborumque.</strong></span> <span class='ocrx_word' id='word_1_341' title='bbox 746 4007 931 4076; x_wconf 85' lang='lat' dir='ltr'><strong>(Becmanus,</strong></span> <span class='ocrx_word' id='word_1_342' title='bbox 940 4007 1049 4062; x_wconf 86' lang='lat' dir='ltr'><strong>Biblth.</strong></span> <span class='ocrx_word' id='word_1_343' title='bbox 1059 4007 1193 4062; x_wconf 79' lang='lat' dir='ltr'><strong>Francol&#39;.</strong></span> <span class='ocrx_word' id='word_1_344' title='bbox 1204 4008 1246 4061; x_wconf 76' lang='lat'><strong>54.</strong></span> <span class='ocrx_word' id='word_1_345' title='bbox 1257 4039 1281 4046; x_wconf 94' lang='lat'>—</span> <span class='ocrx_word' id='word_1_346' title='bbox 1293 4006 1428 4062; x_wconf 82' lang='lat' dir='ltr'><strong>Olearius</strong></span> 
     </span>
     <span class='ocr_line' id='line_1_39' title="bbox 181 4091 1180 4166; baseline 0.005 -22"><span class='ocrx_word' id='word_1_347' title='bbox 181 4091 203 4145; x_wconf 93' lang='lat' dir='ltr'><strong>I.</strong></span> <span class='ocrx_word' id='word_1_348' title='bbox 220 4093 276 4146; x_wconf 75' lang='lat'><strong>129.</strong></span> <span class='ocrx_word' id='word_1_349' title='bbox 291 4125 312 4131; x_wconf 91' lang='lat'><strong>--</strong></span> <span class='ocrx_word' id='word_1_350' title='bbox 322 4093 471 4147; x_wconf 69' lang='lat' dir='ltr'><strong>Perennes</strong></span> <span class='ocrx_word' id='word_1_351' title='bbox 484 4092 539 4147; x_wconf 92' lang='lat' dir='ltr'><strong>III.</strong></span> <span class='ocrx_word' id='word_1_352' title='bbox 552 4094 611 4147; x_wconf 79' lang='lat'><strong>239.</strong></span> <span class='ocrx_word' id='word_1_353' title='bbox 621 4126 645 4132; x_wconf 94' lang='lat'>—</span> <span class='ocrx_word' id='word_1_354' title='bbox 657 4094 722 4148; x_wconf 80' lang='lat' dir='ltr'><strong>Not.</strong></span> <span class='ocrx_word' id='word_1_355' title='bbox 736 4111 772 4148; x_wconf 89' lang='lat' dir='ltr'><strong>ex</strong></span> <span class='ocrx_word' id='word_1_356' title='bbox 786 4094 886 4149; x_wconf 86' lang='lat' dir='ltr'><strong>biblth.</strong></span> <span class='ocrx_word' id='word_1_357' title='bbox 900 4096 1027 4149; x_wconf 88' lang='lat' dir='ltr'><strong>univers.</strong></span> <span class='ocrx_word' id='word_1_358' title='bbox 1040 4094 1145 4166; x_wconf 81' lang='lat' dir='ltr'><strong>Prag.).</strong></span> <span class='ocrx_word' id='word_1_359' title='bbox 1155 4125 1180 4133; x_wconf 95' lang='lat'>-</span> 
     </span>
    </p>
   </div>
   <div class='ocr_carea' id='block_1_11' title="bbox 179 4234 1428 4842">
    <p class='ocr_par' dir='ltr' id='par_1_14' title="bbox 180 4234 1428 4407">
     <span class='ocr_line' id='line_1_40' title="bbox 237 4234 1428 4320; baseline -0.003 -18"><span class='ocrx_word' id='word_1_360' title='bbox 237 4234 311 4302; x_wconf 89' lang='grc'><strong>757.</strong></span> <span class='ocrx_word' id='word_1_361' title='bbox 328 4273 359 4280; x_wconf 91' lang='grc'><strong>-</strong></span> <span class='ocrx_word' id='word_1_362' title='bbox 380 4235 632 4311; x_wconf 76' lang='lat' dir='ltr'><strong>(castellanos.</strong></span> <span class='ocrx_word' id='word_1_363' title='bbox 651 4235 707 4320; x_wconf 89' lang='lat'><strong>—)</strong></span> <span class='ocrx_word' id='word_1_364' title='bbox 731 4236 776 4300; x_wconf 83' lang='lat' dir='ltr'><strong>El</strong></span> <span class='ocrx_word' id='word_1_365' title='bbox 798 4236 877 4301; x_wconf 79' lang='lat' dir='ltr'><strong>libro</strong></span> <span class='ocrx_word' id='word_1_366' title='bbox 899 4237 937 4300; x_wconf 83' lang='lat' dir='ltr'><strong>de</strong></span> <span class='ocrx_word' id='word_1_367' title='bbox 961 4235 993 4299; x_wconf 79' lang='lat' dir='ltr'><strong>S.</strong></span> <span class='ocrx_word' id='word_1_368' title='bbox 1014 4234 1185 4300; x_wconf 78' lang='lat' dir='ltr'><strong>Beraardo</strong></span> <span class='ocrx_word' id='word_1_369' title='bbox 1207 4236 1263 4299; x_wconf 82' lang='lat' dir='ltr'><strong>Ad</strong></span> <span class='ocrx_word' id='word_1_370' title='bbox 1282 4235 1428 4301; x_wconf 79' lang='lat' dir='ltr'><strong>Sororem</strong></span> 
     </span>
     <span class='ocr_line' id='line_1_41' title="bbox 180 4320 1232 4407; baseline 0.002 -23"><span class='ocrx_word' id='word_1_371' title='bbox 180 4320 361 4386; x_wconf 84' lang='lat' dir='ltr'><strong>traducido</strong></span> <span class='ocrx_word' id='word_1_372' title='bbox 378 4343 442 4407; x_wconf 91' lang='lat' dir='ltr'><strong>por</strong></span> <span class='ocrx_word' id='word_1_373' title='bbox 462 4323 594 4386; x_wconf 80' lang='lat' dir='ltr'><strong>Gabriel</strong></span> <span class='ocrx_word' id='word_1_374' title='bbox 612 4322 1017 4407; x_wconf 73' lang='lat' dir='ltr'><strong>castellanos1).Pinciae</strong></span> <span class='ocrx_word' id='word_1_375' title='bbox 1035 4332 1128 4387; x_wconf 77' lang='lat'><strong>1602.</strong></span> <span class='ocrx_word' id='word_1_376' title='bbox 1146 4323 1192 4386; x_wconf 83' lang='lat'><strong>8⁰.</strong></span> <span class='ocrx_word' id='word_1_377' title='bbox 1206 4360 1232 4369; x_wconf 98' lang='lat'><em>-</em></span> 
     </span>
    </p>

    <p class='ocr_par' dir='ltr' id='par_1_15' title="bbox 179 4424 1427 4669">
     <span class='ocr_line' id='line_1_42' title="bbox 232 4424 1427 4496; baseline 0.001 -19"><span class='ocrx_word' id='word_1_378' title='bbox 232 4427 383 4496; x_wconf 84' lang='lat' dir='ltr'><strong>(Antonio,</strong></span> <span class='ocrx_word' id='word_1_379' title='bbox 400 4425 476 4482; x_wconf 90' lang='lat' dir='ltr'><strong>Bibl.</strong></span> <span class='ocrx_word' id='word_1_380' title='bbox 492 4425 576 4496; x_wconf 86' lang='lat' dir='ltr'><strong>Hisp.</strong></span> <span class='ocrx_word' id='word_1_381' title='bbox 594 4426 630 4480; x_wconf 92' lang='lat' dir='ltr'><strong>N.</strong></span> <span class='ocrx_word' id='word_1_382' title='bbox 648 4425 670 4482; x_wconf 93' lang='lat' dir='ltr'><strong>I.</strong></span> <span class='ocrx_word' id='word_1_383' title='bbox 687 4426 746 4480; x_wconf 79' lang='lat'><strong>505.</strong></span> <span class='ocrx_word' id='word_1_384' title='bbox 757 4425 934 4493; x_wconf 67' lang='lat' dir='ltr'><strong>-Franqois</strong></span> <span class='ocrx_word' id='word_1_385' title='bbox 950 4426 973 4479; x_wconf 94' lang='lat'><strong>1.</strong></span> <span class='ocrx_word' id='word_1_386' title='bbox 994 4424 1274 4496; x_wconf 81' lang='lat' dir='ltr'><strong>182.-Henriquez‚</strong></span> <span class='ocrx_word' id='word_1_387' title='bbox 1293 4424 1427 4480; x_wconf 81' lang='lat' dir='ltr'><strong>Phoenix</strong></span> 
     </span>
     <span class='ocr_line' id='line_1_43' title="bbox 180 4510 1426 4581; baseline -0.001 -17"><span class='ocrx_word' id='word_1_388' title='bbox 180 4511 238 4566; x_wconf 75' lang='lat'><strong>356.</strong></span> <span class='ocrx_word' id='word_1_389' title='bbox 251 4544 272 4550; x_wconf 94' lang='lat'><em>-</em></span> <span class='ocrx_word' id='word_1_390' title='bbox 286 4511 361 4566; x_wconf 86' lang='lat' dir='ltr'><strong>Hist.</strong></span> <span class='ocrx_word' id='word_1_391' title='bbox 377 4513 446 4566; x_wconf 80' lang='lat' dir='ltr'><strong>Litt.</strong></span> <span class='ocrx_word' id='word_1_392' title='bbox 463 4512 499 4566; x_wconf 87' lang='lat' dir='ltr'><strong>de</strong></span> <span class='ocrx_word' id='word_1_393' title='bbox 516 4512 544 4566; x_wconf 88' lang='lat' dir='ltr'><strong>la</strong></span> <span class='ocrx_word' id='word_1_394' title='bbox 560 4513 671 4567; x_wconf 77' lang='lat' dir='ltr'><strong>Franco</strong></span> <span class='ocrx_word' id='word_1_395' title='bbox 684 4512 769 4568; x_wconf 90' lang='lat' dir='ltr'><strong>XIII.</strong></span> <span class='ocrx_word' id='word_1_396' title='bbox 785 4511 1176 4581; x_wconf 75' lang='lat' dir='ltr'><strong>aat.-Jaohor,arlg.oe1.</strong></span> <span class='ocrx_word' id='word_1_397' title='bbox 1192 4512 1263 4567; x_wconf 84' lang='lat' dir='ltr'><strong>Lex.</strong></span> <span class='ocrx_word' id='word_1_398' title='bbox 1279 4511 1301 4565; x_wconf 94' lang='lat' dir='ltr'><strong>I.</strong></span> <span class='ocrx_word' id='word_1_399' title='bbox 1317 4510 1391 4564; x_wconf 82' lang='grc'><strong>1742.</strong></span> <span class='ocrx_word' id='word_1_400' title='bbox 1401 4543 1426 4551; x_wconf 97' lang='grc'>-</span> 
     </span>
     <span class='ocr_line' id='line_1_44' title="bbox 179 4598 386 4669; baseline 0.01 -20"><span class='ocrx_word' id='word_1_401' title='bbox 179 4598 268 4653; x_wconf 76' lang='lat' dir='ltr'><strong>l&#39;isch</strong></span> <span class='ocrx_word' id='word_1_402' title='bbox 285 4600 352 4669; x_wconf 86' lang='grc'><strong>117),</strong></span> <span class='ocrx_word' id='word_1_403' title='bbox 363 4632 386 4639; x_wconf 88' lang='grc'>-</span> 
     </span>
    </p>

    <p class='ocr_par' dir='ltr' id='par_1_16' title="bbox 231 4684 1425 4758">
     <span class='ocr_line' id='line_1_45' title="bbox 231 4684 1425 4758; baseline 0 -19"><span class='ocrx_word' id='word_1_404' title='bbox 231 4685 265 4740; x_wconf 87' lang='lat' dir='ltr'><strong>N.</strong></span> <span class='ocrx_word' id='word_1_405' title='bbox 282 4688 289 4739; x_wconf 93' lang='lat' dir='ltr'><strong>l</strong></span> <span class='ocrx_word' id='word_1_406' title='bbox 304 4706 310 4738; x_wconf 77' lang='grc' dir='ltr'><strong><em>ε</em></strong></span> <span class='ocrx_word' id='word_1_407' title='bbox 324 4686 391 4741; x_wconf 87' lang='lat' dir='ltr'><strong>Ord.</strong></span> <span class='ocrx_word' id='word_1_408' title='bbox 403 4687 474 4743; x_wconf 86' lang='lat' dir='ltr'><strong>Cist.</strong></span> <span class='ocrx_word' id='word_1_409' title='bbox 488 4687 650 4742; x_wconf 87' lang='lat' dir='ltr'><strong>monachus</strong></span> <span class='ocrx_word' id='word_1_410' title='bbox 660 4688 827 4756; x_wconf 83' lang='lat' dir='ltr'><strong>Hortensis,</strong></span> <span class='ocrx_word' id='word_1_411' title='bbox 839 4695 908 4758; x_wconf 80' lang='lat' dir='ltr'><strong>post</strong></span> <span class='ocrx_word' id='word_1_412' title='bbox 920 4686 1019 4754; x_wconf 82' lang='lat' dir='ltr'><strong>abbas,</strong></span> <span class='ocrx_word' id='word_1_413' title='bbox 1031 4688 1167 4741; x_wconf 82' lang='lat' dir='ltr'><strong>visitator</strong></span> <span class='ocrx_word' id='word_1_414' title='bbox 1178 4684 1323 4756; x_wconf 79' lang='lat' dir='ltr'><strong>generalla</strong></span> <span class='ocrx_word' id='word_1_415' title='bbox 1336 4688 1390 4739; x_wconf 79' lang='lat' dir='ltr'><strong>ata</strong></span> <span class='ocrx_word' id='word_1_416' title='bbox 1400 4716 1425 4724; x_wconf 97' lang='lat'>-</span> 
     </span>
    </p>

    <p class='ocr_par' dir='ltr' id='par_1_17' title="bbox 231 4784 1270 4842">
     <span class='ocr_line' id='line_1_46' title="bbox 231 4784 1270 4842; baseline 0.003 -19"><span class='ocrx_word' id='word_1_417' title='bbox 231 4784 304 4823; x_wconf 73' lang='lat' dir='ltr'><strong>xanta</strong></span> <span class='ocrx_word' id='word_1_418' title='bbox 319 4786 458 4824; x_wconf 68' lang='lat' dir='ltr'><strong>bernardius</strong></span> <span class='ocrx_word' id='word_1_419' title='bbox 472 4786 510 4825; x_wconf 84' lang='lat' dir='ltr'><strong>IV.</strong></span> <span class='ocrx_word' id='word_1_420' title='bbox 526 4785 695 4835; x_wconf 72' lang='lat' dir='ltr'><strong>Bibllomphra</strong></span> <span class='ocrx_word' id='word_1_421' title='bbox 707 4786 847 4825; x_wconf 72' lang='lat' dir='ltr'><strong>Beruardlm</strong></span> <span class='ocrx_word' id='word_1_422' title='bbox 1239 4789 1270 4842; x_wconf 80' lang='lat'><strong>12</strong></span> 
     </span>
    </p>
   </div>
   <div class='ocr_carea' id='block_1_12' title="bbox 0 0 1624 5242">
    <p class='ocr_par' dir='ltr' id='par_1_18' title="bbox 0 0 1624 5242">
     <span class='ocr_line' id='line_1_47' title="bbox 0 0 1624 5242; baseline 0 2"><span class='ocrx_word' id='word_1_423' title='bbox 0 0 1624 5242; x_wconf 95' lang='lat' dir='ltr'><strong> </strong></span> 
     </span>
    </p>
   </div>
  </div>
 </body>
</html>
