3240 5242
343 573 419 643 641.
429 615 471 623 —
482 577 715 646 Enohiridion
733 599 803 642 vere
821 598 949 642 aereum
959 578 1089 658 piamm
1103 579 1131 640 et
1146 575 1391 640 christianornm
1405 576 1538 641 mortita-

289 662 406 727 tionom
421 685 461 727 ao
477 685 639 749 praeovm
655 663 698 728 de
713 664 787 729 vita
802 672 837 729 et
851 663 1012 750 passione
1022 661 1159 741 Christi,
1173 684 1215 726 ex
1231 660 1274 726 D.
1284 662 1449 727 Bmmardi
1462 663 1538 729 Cla·

288 749 419 834 rauall,
436 750 592 815 Anselmi
608 750 875 835 Cantuariensis,
893 759 927 816 ot
942 749 1118 836 Ludolphi
1137 747 1294 813 Carthus.
1315 749 1453 836 scriptis
1469 749 1537 814 iam

288 834 438 923 primum
455 837 700 902 concinnatum
717 847 751 903 et
769 838 805 902 in
826 839 939 903 lucem
959 837 1099 902 editum.
1117 835 1293 919 Coloniae,
1306 837 1410 922 Apud
1422 837 1537 903 Ludo-

289 922 407 988 uioum
420 923 646 1009 Alectorium,
663 934 698 990 et
712 925 878 990 haeredes
893 924 1013 990 Iaoobi
1030 923 1172 989 Soteris.
1189 922 1291 988 Anno
1311 933 1404 988 1578.
1416 962 1443 971 -

342 1027 398 1082 off.
411 1028 500 1098 prael.
514 1046 622 1082 numm.
634 1036 661 1091 t
671 1028 723 1082 319
733 1047 779 1100 pp.
790 1047 818 1084 n.
829 1046 938 1084 numm.
951 1029 1003 1082 12⁰.
1014 1059 1039 1067 -
1049 1027 1103 1097 (Ib.
1114 1043 1146 1081 ex
1156 1027 1185 1081 S.
1196 1027 1355 1080 Bernardo:
1367 1044 1394 1097 p.
1408 1028 1457 1081 94:
1471 1028 1537 1099 Epi-

289 1113 368 1169 stola
386 1113 422 1169 de
436 1116 618 1185 perfectione
635 1118 722 1170 vitae.
739 1116 770 1170 P.
784 1117 833 1171 98:
849 1116 952 1170 Sermo
968 1115 1004 1170 de
1020 1117 1158 1186 passione
1174 1114 1300 1168 Domini.
1310 1114 1497 1170 -Bassaeus
1514 1115 1537 1169 l.

292 1199 551 1257 130.-Glassius1.
564 1202 816 1272 105.-Draudius,
826 1204 900 1258 Bibl.
913 1203 1006 1258 Class.
1018 1202 1417 1258 316.-NundinaeFranoof.
1431 1203 1532 1256 1578.-

289 1288 444 1343 Possevin.
458 1289 480 1343 1.
494 1290 553 1344 504.
562 1320 589 1330 -
603 1291 657 1345 Vis.
671 1307 707 1344 ox
719 1289 852 1345 biblioth.
866 1291 955 1362 palat.
969 1289 1154 1360 vindobon).
1165 1319 1191 1328 -

346 1436 420 1506 642.
432 1477 473 1484 —
486 1439 650 1522 Saalvus,
665 1439 930 1504 Bartholomaeus
942 1437 981 1523 ¹):
1007 1439 1215 1503 limitationi
1231 1440 1429 1504 dovotissime
1443 1460 1538 1521 sopra

290 1525 322 1590 la
337 1546 412 1589 vera
430 1524 499 1589 Vite
514 1524 650 1601 Christe,
667 1524 814 1590 formate
828 1526 885 1590 nel
902 1533 1045 1590 trattato
1062 1525 1171 1590 latino
1188 1527 1226 1590 dn
1237 1526 1393 1591 Passiona
1406 1524 1539 1590 Domini

291 1611 348 1676 del
364 1611 483 1677 dlvoto
507 1612 539 1676 S.
555 1612 733 1688 Bernardo,
755 1637 808 1674 con
823 1619 919 1675 alcuni
934 1623 1118 1675 eooitamonti
1131 1619 1179 1674 all’
1190 1622 1288 1675 anirna
1300 1620 1468 1675 Christiana
1481 1620 1538 1674 alla

289 1715 465 1784 cognitione,
482 1712 518 1768 ed
531 1714 736 1769 emendatione
748 1717 865 1786 propria
881 1715 928 1769 all’
941 1733 1040 1770 amoro
1056 1715 1085 1769 di
1098 1716 1225 1784 Christo,
1242 1716 1278 1770 ed
1295 1715 1354 1770 alla
1370 1718 1537 1786 cognitione

288 1799 367 1854 della
378 1799 491 1871 dignita
499 1801 577 1856 dallo
590 1806 670 1856 stato
680 1803 837 1871 Virginale.
849 1802 924 1856 1578.
935 1803 1070 1872 Vanesia,
1080 1804 1180 1857 Pietro
1191 1803 1355 1857 Debuobini.
1365 1834 1392 1843 -
1401 1804 1537 1873 (ArisiuS,

289 1887 634 1959 6616161166).-

340 1974 376 2028 N.
393 1976 420 2028 l:
436 1994 454 2028 a
466 1977 588 2030 secretis
601 1975 775 2049 Hieronymi
786 1978 886 2049 Vidae,
901 1977 993 2031 Albae
1007 1979 1145 2048 episcopi,
1158 1977 1178 2045 †
1191 1977 1263 2048 prid.
1273 1978 1339 2032 Kal.
1351 1978 1415 2032 Oct.
1429 1978 1503 2033 1583.
1513 2008 1540 2018 -

839 2155 877 2221 A.
891 2156 996 2221 1579:

344 2291 469 2360 643.-
484 2292 532 2375 (S.
548 2294 769 2361 Bernardus.
783 2294 837 2377 —)
861 2292 975 2358 Floras
998 2293 1132 2374 (lpmvm
1152 2291 1194 2356 I).
1212 2292 1377 2356 Bemmrdi
1389 2292 1538 2357 Abbatis

291 2378 567 2463 claravallensis,
582 2380 668 2446 Cum
678 2380 804 2444 Sacrae
813 2379 1012 2466 Scripturas
1025 2378 1289 2465 professoribus,
1305 2388 1378 2443 tum
1393 2379 1537 2445 caeteris

290 2465 449 2532 omnibus
462 2466 653 2531 vtilissimi:
667 2466 754 2531 Cum
767 2466 886 2531 Indice
898 2466 1110 2552 singularum
1125 2488 1237 2531 rerum
1252 2465 1537 2552 locupletissimo.

289 2553 452 2639 ngdvni
468 2554 559 2639 apud
576 2554 786 2620 leielmvm
801 2553 1001 2619 Rovillivm.
1021 2564 1114 2619 1579.
1131 2592 1164 2602 -

343 2658 373 2711 8⁰
385 2660 454 2712 min.
468 2658 519 2710 714
532 2675 578 2728 pp.
593 2664 623 2711 ot
638 2656 669 2709 13
683 2658 711 2711 ii'.
724 2674 752 2710 n.
765 2674 874 2712 numm.
885 2658 1081 2727 -(Po'·re1mes
1094 2657 1148 2711 III.
1162 2658 1222 2711 239.
1232 2689 1256 2696 -
1267 2656 1432 2711 Rosenthsl
1446 2657 1537 2713 Catal.

289 2747 332 2800 41.
345 2747 379 2803 N.
395 2746 470 2801 1136.
484 2779 508 2786 -
529 2746 583 2800 Vn.
597 2764 632 2800 ex
646 2746 778 2800 biblioth.
792 2746 879 2815 palat.
893 2745 1026 2814 Manno).
1040 2777 1064 2784 -

344 2887 469 2986 CM.—
484 2888 531 2972 (S.
547 2889 768 2956 Bernardus.
781 2886 837 2973 -)
855 2888 999 2951 Sermom
1015 2885 1064 2966 (in
1077 2883 1279 2949 traslazione
1290 2883 1458 2969 volgare).
1472 2884 1537 2949 Ve-

290 2997 389 3040 nezra
406 2986 498 3039 1579.
513 3013 538 3023 -

344 3079 422 3143 (Not.
436 3095 472 3132 ex
484 3078 616 3132 biblioth.
631 3080 768 3148 municip.
780 3077 800 3131 J
801 3078 944 3146 aunensi).
957 3108 981 3115 —

344 3218 470 3286 645.-
483 3219 640 3302 chaum,
655 3216 767 3282 Pimro
783 3218 838 3281 da:
860 3216 1073 3280 Instruction
1099 3216 1141 3279 de
1164 3215 1197 3278 la
1216 3222 1316 3278 vertu
1334 3214 1536 3296 d'humih'te,

291 3328 375 3370 aveo
395 3291 532 3388 dlipitre
551 3306 589 3369 de
607 3306 694 3369 saint
709 3304 869 3380 Rimmrd,
891 3304 1037 3367 touch-ont
1053 3305 1080 3367 le
1097 3303 1156 3367 bon
1171 3307 1199 3367 et
1215 3324 1288 3383 sape
1302 3306 1537 3382 porroermemmt

290 3394 382 3458 d'ame
396 3395 520 3459 maison
529 3415 539 3456 .·
553 3393 585 3456 le
602 3398 680 3455 tout
691 3389 850 3477 imprime
863 3411 947 3454 aveo
959 3388 1187 3454 l’Institution
1201 3389 1243 3452 de
1256 3389 1289 3452 la
1302 3388 1428 3453 femme
1442 3388 1538 3453 ehre-

289 3479 417 3562 tionne,
434 3479 585 3544 traduite
602 3479 648 3542 du
663 3476 767 3543 Latin
784 3476 826 3541 de
841 3476 865 3541 J
868 3499 931 3540 ean
947 3477 1043 3563 Loys
1065 3477 1167 3541 Vives.
1184 3477 1216 3539 A
1232 3474 1328 3539 Paris
1344 3498 1407 3562 par
1421 3475 1538 3540 Pierre

291 3566 456 3650 Cavellat,
477 3578 568 3632 1579.
589 3568 654 3630 16⁰.
669 3604 695 3613 —

342 3670 489 3739 (Kerviler
500 3669 555 3725 III.
569 3672 594 3725 4.
607 3702 632 3709 -
645 3669 771 3740 Rigoley
784 3668 820 3723 de
832 3669 852 3724 J
853 3670 972 3739 uvigny,
985 3667 1059 3720 Bibl.
1073 3668 1162 3737 freno.
1176 3667 1208 3721 V.
1222 3666 1293 3736 257).
1306 3697 1331 3705 -

343 3809 467 3879 646.-
480 3813 626 3879 Surius:
644 3810 694 3875 De
709 3809 859 3876 Probatis
876 3808 1064 3874 Sanctorum
1085 3807 1177 3882 Vitis,
1198 3806 1275 3871 Vol.
1292 3805 1357 3871 HI.
1372 3805 1539 3871 Coloniae

288 3896 503 3984 Agrippinae
520 3908 612 3962 1579.
624 3935 659 3944 -

345 4002 398 4073 (Ib.
412 4020 439 4072 p.
454 4002 519 4054 719:
533 4000 618 4054 XIII.
632 4000 700 4055 Jun.
715 4000 783 4053 Vita
796 3999 915 4054 Gerardi
926 3997 1070 4066 monachi,
1083 3998 1183 4051 fratris
1197 3997 1225 4052 S.
1238 3995 1399 4064 Bernardi).
1412 4028 1437 4036 -

343 4150 418 4219 647.
428 4190 469 4197 -
482 4151 667 4232 UbisaruS‚
677 4148 819 4213 Michael
832 4149 856 4225 ¹)
865 4170 876 4211 .·
888 4147 939 4213 De
953 4148 1073 4213 duobus
1082 4148 1375 4229 praestantissimis
1389 4148 1539 4213 ireonasti-

176 4246 179 4253 '
290 4260 343 4305 cae
359 4239 549 4319 disciptinae
563 4235 755 4301 ditatoribus
770 4240 798 4299 et
812 4235 984 4316 Mapistms
1000 4234 1042 4299 D.
1060 4235 1231 4300 Benedicta
1247 4239 1275 4298 et
1293 4234 1332 4298 B.
1349 4233 1539 4298 Bombordo

290 4328 394 4408 (eta).
414 4324 570 4390 Carmina
584 4321 727 4387 heroica
743 4320 1001 4405 encomiastioa,
1025 4331 1135 4400 scn'pta
1157 4335 1187 4382 et
1208 4327 1342 4383 dedicata
1362 4327 1436 4383 Rev.
1456 4328 1488 4382 P.
1507 4345 1540 4381 ac

289 4427 325 4482 D.
339 4426 495 4483 Leonardo
508 4427 676 4495 Ibeitwein,
688 4425 797 4481 Abbati
810 4424 1074 4481 Fiirsteni'eldansi.
1090 4423 1237 4480 Monaohii
1249 4423 1303 4479 Ad.
1316 4423 1477 4478 Montanus
1491 4440 1538 4477 ex·

291 4515 417 4571 audebat
431 4514 506 4569 1579.
519 4517 557 4567 4⁰.
569 4545 595 4554 -

344 4602 476 4674 (Kobolt,
488 4602 584 4658 Baier.
597 4601 660 4658 Cel.
673 4602 744 4657 Lex.
761 4601 800 4657 II.
813 4600 873 4656 285.
885 4601 956 4672 414).
969 4632 995 4641 -

343 4689 378 4746 N.
393 4689 423 4743 1:
435 4688 640 4760 ludimagister
651 4686 902 4745 Wessofontanus
916 4694 947 4742 et
958 4692 1048 4760 poeta
1060 4687 1223 4742 laureatus.
1235 4717 1260 4727 -
