3240 5242
672 413 705 475 V

48 628 153 673 secus
176 627 218 671 ac
241 604 403 691 genuinis
423 605 522 671 locus
543 613 727 693 competat,
751 605 970 692 poematibus
986 605 1023 669 in
1038 604 1107 670 fine
1125 603 1304 670 collocatis

49 693 176 760 ordine
197 692 376 758 literarum
395 692 451 757 hic
473 692 626 758 breviter
646 700 880 775 recensentur,
900 699 1080 759 auctorum
1096 690 1305 774 nominibus,

49 780 111 846 ubi
137 780 182 844 ds
207 779 252 844 iis
272 787 419 863 constat,
444 779 598 844 adnexis.
622 781 723 845 Hanc
740 780 873 863 seriem,
898 780 959 844 sed
982 786 1017 843 et
1032 780 1306 864 qualemcunque

49 867 218 950 futuram,
231 867 370 953 plenam
387 889 461 931 esse
478 889 549 931 non
564 889 678 953 posse,
692 867 750 951 qui
766 867 917 951 ingentis
933 867 1091 931 codicum
1104 865 1204 930 MSS.
1220 865 1306 930 mul·

51 953 217 1021 titudinis
241 954 445 1037 meminerit,
469 955 572 1018 facile
596 955 770 1039 largietur.
795 955 965 1020 (iocatum
984 954 1114 1036 damus,
1137 953 1220 1017 licet
1236 974 1305 1018 non

51 1043 223 1127 exiguum
252 1049 288 1104 et
314 1063 357 1104 ex
379 1040 455 1127 ipso
485 1041 550 1106 hoc
577 1041 668 1107 libro
697 1042 910 1126 augendum,
943 1041 1003 1105 sed
1033 1063 1110 1105 cum
1137 1040 1201 1104 sub
1218 1041 1307 1126 fietis

52 1128 321 1210 inscriptionibus
345 1136 509 1214 excerpta
531 1150 593 1192 seu
614 1128 810 1214 fragmenta
832 1128 1063 1212 genuinorum
1086 1126 1252 1192 librorum
1270 1126 1305 1190 S.

51 1214 228 1281 Bernardi
252 1215 359 1279 latere
382 1217 528 1301 possint,
553 1239 573 1280 a
586 1215 763 1281 nonnullis
778 1215 814 1279 in
832 1214 958 1278 dictam
977 1215 1099 1279 seriem
1116 1213 1306 1301 suscipien-

52 1303 106 1368 dis
132 1300 377 1383 abstinuimus,
402 1302 549 1367 certiora
564 1303 634 1366 -si
649 1301 838 1367 lectoribus
854 1302 1115 1366 innotuerint-
1129 1300 1171 1365 ab
1189 1322 1307 1366 eorum

52 1387 277 1455 humanitate
302 1396 552 1475 exspectantes.

163 1484 194 1539 1.
218 1475 273 1538 De
296 1475 552 1542 141110νεῦ112-

218 1562 499 1645 Antiphonarinm,
521 1563 590 1627 vid.
617 1575 689 1628 101.
704 1602 730 1610 -

220 1651 328 1712 Aurea
339 1651 538 1730 psalmorum
554 1650 621 1714 VH
636 1649 937 1737 poenitentialium
953 1649 1134 1737 expositi0,
1150 1649 1220 1715 vid.
1234 1662 1264 1714 8.
1274 1688 1307 1698 -

219 1735 347 1799 Bettnm
370 1739 453 1801 intem
480 1738 672 1820 Babylonem
696 1744 772 1820 etc,
797 1737 865 1802 vid.
892 1748 941 1802 50.
956 1777 983 1785 -

164 1833 196 1887 2.
221 1822 349 1887 Bellum
373 1827 410 1888 de
428 1825 618 1907 perfectione
640 1847 799 1889 servornm
823 1824 887 1889 Dei
910 1825 961 1908 (in
983 1824 1108 1908 MSS).
1126 1863 1160 1873 -

163 1919 195 1974 3.
219 1911 347 1975 Bettnm
369 1912 519 1991 peramato
543 1913 678 1993 eripitur
699 1913 810 1976 aninia
832 1935 853 1975 a
876 1914 964 1978 vitiis
988 1911 1038 1995 (in
1060 1911 1185 1995 MSS).
1200 1950 1226 1958 -

163 2009 195 2061 4.
220 1997 427 2061 Breaiaeinm
451 1999 484 2062 S.
508 1998 673 2063 Bernardi
696 1999 747 2081 (in
769 1997 893 2085 MSS).
908 2037 931 2046 -

219 2083 273 2147 De
300 2082 425 2150 Ctieisto
448 2091 475 2149 et
499 2086 635 2161 ecelesia,
660 2085 729 2150 vid.
754 2096 805 2150 50.
821 2124 846 2132 -

165 2182 195 2234 5.
224 2171 420 2251 Cottoqninm
437 2174 614 2254 peecatoiis
635 2177 665 2237 et
688 2174 828 2257 crncifixi
850 2173 874 2238 J
877 2195 946 2238 esu.
960 2210 994 2221 -

223 2257 418 2339 Cottoqninm
442 2259 581 2324 Simonis
605 2282 683 2323 cum
707 2260 804 2342 Jesu,
827 2258 896 2324 vid.
925 2272 972 2325 12.
986 2297 1020 2308 -

166 2355 196 2408 6.
225 2345 475 2410 Commentarius
499 2348 533 2409 in
555 2347 791 2430 Apoealypsim.
808 2383 842 2394 -

168 2443 197 2495 ἵ.
225 2432 476 2498 Commentarius
494 2435 527 2497 in
542 2432 641 2498 Pan-li
657 2434 806 2515 epistolas
827 2433 899 2517 (qui
922 2442 974 2500 est
992 2434 1162 2499 Bernardi
1183 2433 1307 2500 Clave-

56 2516 189 2601 nensis,
213 2517 486 2604 Augustiniani).
503 2557 536 2567 -

166 2616 196 2669 8.
224 2604 476 2672 Commenta-rins
497 2608 529 2671 in
547 2607 696 2673 Psatmos
710 2608 959 2688 poenitentiales,
985 2608 1027 2672 al.
1044 2609 1153 2673 Aurea
1167 2609 1309 2690 psalmo-

56 2715 129 2758 rnm
153 2697 271 2774 septem
289 2694 564 2773 poenitentialium
587 2696 739 2775 expositio
763 2694 974 2773 (Innocentii
996 2695 1050 2759 111
1073 2695 1111 2759 P.
1134 2694 1207 2778 M.).
1224 2733 1250 2742 -

167 2789 196 2843 9.
224 2779 450 2845 Commentatia
475 2783 576 2846 laevis
594 2783 629 2844 in
652 2781 799 2846 Cantici·
812 2781 1014 2848 Cantieornm
1035 2785 1148 2863 priora
1172 2783 1232 2847 dno
1258 2802 1308 2846 ea-

54 2869 139 2949 pita,
167 2888 211 2930 ex
235 2865 268 2930 S.
286 2866 455 2931 Bernardi
477 2867 700 2933 Sermonibus
721 2877 894 2951 contexta,
919 2869 977 2932 ubi
997 2871 1054 2950 ,de
1071 2869 1204 2950 Triplici
1223 2874 1309 2933 stata

58 2955 222 3029 amoris“‚·
248 2952 353 3018 breve
383 2955 634 3040 compendium,
663 2956 754 3038 quod
784 2955 818 3019 in
846 2955 1061 3041 praefatione
1088 2955 1211 3019 tertiae
1238 2955 1309 3018 edi-

59 3040 167 3105 tionis
190 3039 461 3105 Mabillonianae
486 3065 525 3126 ,a
552 3042 700 3126 quodam
727 3041 867 3107 homine
896 3043 1051 3107 studioso
1080 3051 1114 3106 et
1140 3043 1199 3128 pio
1229 3064 1309 3107 con-

61 3127 260 3192 cinnatum“
293 3126 448 3211 habetur,
476 3128 604 3193 rectius
632 3138 746 3193 autern
775 3129 962 3194 Guillelmo
991 3152 1011 3193 a
1035 3130 1068 3193 S.
1092 3128 1308 3194 Theoderico

61 3213 236 3279 tribuitur.
256 3252 283 3261 -

169 3311 218 3364 10.
247 3301 569 3367 Commentatinnenta
583 3305 617 3366 in
627 3304 777 3386 tepentium
792 3304 832 3387 ,J
837 3324 897 3366 esu
912 3311 1032 3367 nostra
1044 3301 1268 3390 redemptio“.
1279 3341 1306 3350 -

168 3400 219 3452 11.
248 3389 461 3471 Contessianis
476 3392 625 3471 priuatae
638 3390 792 3473 serenata,
811 3412 888 3453 seu:
908 3390 1069 3473 Coa-fessio
1087 3391 1119 3454 S.
1132 3390 1307 3466 Banardi,

63 3499 139 3542 seu:
172 3476 285 3539 Oratio
306 3479 496 3557 poenitentis
521 3478 565 3540 ad
594 3476 755 3541 Christum
783 3479 993 3554 licentissime,
1029 3499 1135 3562 ,quae
1163 3477 1197 3542 S.
1225 3477 1309 3541 Ber-

64 3565 168 3712 pardo
195 3582 266 3626 non
286 3563 375 3627 male
396 3563 645 3649 adjudicatur“.
670 3565 773 3641 (Inc.:
798 3565 839 3628 In
860 3564 987 3629 unione
1011 3563 1224 3628 acerbissimi
1248 3564 1309 3629 do-

76 3650 141 3715 oris
165 3649 245 3735 tui).
260 3686 294 3696 —

245 3736 298 3800 De
326 3738 479 3819 Conjtietn
502 3739 641 3802 ciuitatis
663 3738 812 3821 Babylon
836 3745 911 3818 ete,
936 3737 1005 3802 vid.
1030 3749 1081 3802 50.
1098 3775 1131 3784 —

248 3824 475 3904 Contemplatio
498 3825 535 3887 de
552 3827 704 3906 passione
728 3825 869 3901 Domini,
893 3824 962 3888 vid.
988 3835 1038 3889 36.
1056 3862 1088 3872 -

167 3923 217 3975 12.
244 3910 498 3974 Declamationes
518 3913 555 3975 de
576 3913 724 3993 colloquio
744 3912 884 3977 Simonis
904 3934 972 3975 eam
994 3911 1082 3988 Jesu,
1107 3933 1149 3974 ex
1174 3911 1208 3974 S.
1225 3911 1308 3974 Ber-

68 3998 158 4062 nardi
191 3997 410 4062 sermonibus
437 4020 455 4060 a
480 3998 659 4079 Gaul'rido,
692 3999 766 4084 ejus
790 3999 935 4082 notario,
966 3998 1149 4081 collectae3
1182 3997 1310 4084 passim

69 4083 268 4172 inscriptae:
299 4084 478 4149 Sententiae
500 4092 642 4167 (receptae
668 4110 710 4149 cx
738 4086 914 4170 opusculis
942 4085 1150 4149 venerabilis
1175 4082 1309 4149 abbatis

71 4168 298 4236 Claraevallis.
316 4172 405 4235 Ina:
426 4171 524 4235 Dixit
540 4171 660 4237 Simon
676 4174 800 4237 Petrus
817 4173 858 4236 ad
876 4174 897 4237 J
901 4195 1014 4237 esum:
1036 4173 1128 4237 Ecce
1149 4192 1211 4235 nos
1233 4170 1310 4234 reli-

10 4276 14 4343 }
71 4260 199 4340 quimus
223 4258 342 4323 omnia
365 4268 400 4322 ct
423 4258 532 4322 secuti
556 4282 672 4323 sumus
697 4274 741 4323 te.
766 4260 1041 4342 (Messanam).
1061 4299 1086 4305 —

10 4346 12 4351 ’
169 4357 220 4411 13.
246 4347 300 4409 De
327 4347 492 4410 Creatione
514 4349 625 4410 mnndi
649 4355 683 4410 et
707 4370 820 4410 rerum
844 4348 893 4424 lin
917 4346 1042 4431 MSS).
1061 4386 1087 4392 -

244 4432 404 4515 Dialopas
426 4434 562 4509 animae,
588 4433 656 4497 vid.
681 4445 732 4497 55.
750 4473 776 4480 —

169 4531 220 4585 14.
244 4520 299 4583 De
323 4519 489 4601 Diynitate
513 4521 741 4602 sacerdotum,
770 4521 812 4586 al.
834 4521 875 4584 de
896 4521 1093 4584 Excellentia
1115 4517 1309 4584 sanctissimi

76 4603 263 4672 Samainenti
280 4610 348 4692 (est
360 4606 499 4691 proprie
516 4629 594 4692 pars
614 4607 875 4690 ,instructionis
893 4606 1114 4685 saeer·rlotis“,
1127 4605 1196 4669 vid.
1208 4610 1308 4685 35),-

244 4694 299 4759 De
322 4693 495 4777 Ilitipenete
520 4693 630 4770 ltenm,
654 4693 725 4758 vid.
750 4705 801 4758 39.
820 4733 846 4739 -
