3240 5242
826 406 977 504 —274-

278 595 373 667 portis
390 593 565 666 Jerusalem,
584 594 686 650 Sermo
706 594 970 668 (0011759-76314).
989 598 1024 652 In
1043 597 1198 654 Canticum
1216 598 1249 652 B.
1262 598 1390 669 Virginis
1407 596 1533 667 Mariae,

280 681 381 737 Sermo
407 681 483 755 (coll
507 681 655 753 763-768).
681 683 784 738 Sermo
808 683 844 737 In
869 685 960 739 verba
981 684 1135 755 Evangelii
1160 685 1253 755 „Ecce
1276 701 1332 739 nos
1355 684 1533 755 reliquimus

280 770 395 824 omnia“
415 770 492 840 (coll.
513 770 663 842 768-769).
682 771 814 826 Homilia
831 774 860 825 in
884 771 957 825 illud
975 772 1119 827 Matthaei
1138 772 1184 825 13:
1204 772 1322 842 „Simile
1341 776 1388 826 est
1405 788 1533 841 regnum

280 855 430 910 coelorum
452 855 566 911 homini
589 859 784 927 negotiatori“
810 857 885 923 (coll.
909 860 1057 929 770-771).
1083 859 1186 914 Sermo
1212 861 1243 912 in
1266 858 1339 912 illud
1364 858 1532 913 Michaeae:

280 942 438 1014 „Indicabo
456 944 508 998 tibi
528 961 544 997 o
563 944 670 999 homo“
690 945 754 1007 (eol.
774 945 870 1015 77112).
890 946 978 1001 Liber
996 948 1068 1013 (186)
1088 948 1308 1002 Sententiarum
1326 945 1402 1001 (coll.
1423 946 1473 999 771
1494 945 1532 1000 ad

280 1028 351 1098 786).
369 1028 540 1102 Disputatio
557 1031 712 1102 cujusdam
724 1031 801 1103 justi
817 1049 883 1086 cum
898 1033 962 1087 Deo
979 1034 1221 1102 (0011786-787).
1241 1033 1438 1103 Soliloquium
1454 1033 1532 1103 (coll.

282 1116 431 1185 787-794).
460 1118 601 1171 Formula
624 1119 769 1174 honestae
794 1121 874 1175 vitae
900 1121 975 1185 (coll.
1001 1122 1148 1187 794-796).
1176 1120 1347 1176 Instruetio.
1374 1119 1532 1185 Quomodo

280 1204 369 1259 homo
392 1207 489 1276 possit
512 1208 542 1259 in
568 1206 645 1260 bono
669 1207 819 1281 prolicere,
842 1213 873 1263 et
893 1208 1009 1279 placere
1030 1207 1094 1263 Deo
1117 1208 1192 1273 (coll.
1216 1208 1365 1276 796-797).
1387 1207 1478 1262 Varia
1502 1215 1533 1263 et

279 1291 382 1347 brevia
399 1291 585 1348 Documenta
603 1296 650 1364 pie
668 1312 723 1349 seu
741 1295 877 1364 religiose
896 1294 1016 1350 vivendi
1034 1295 1110 1357 (coll.
1127 1294 1276 1363 797-799).
1295 1294 1411 1349 Amulli
1429 1312 1531 1350 mona·

281 1378 328 1434 chi
346 1379 382 1435 de
400 1380 515 1436 Boeriis
534 1381 604 1445 (ord.
624 1380 764 1450 cisterc).
785 1382 943 1454 Speculum
962 1382 1173 1437 monachorum
1193 1382 1269 1447 (coll.
1287 1381 1435 1451 799-800).
1455 1382 1532 1437 Item

280 1468 340 1524 alia
362 1467 540 1522 documenta
560 1470 640 1523 vitae
665 1470 820 1540 religiosae
846 1470 891 1527 (al.
911 1470 1054 1524 Doctrina
1076 1469 1104 1526 S.
1123 1469 1274 1539 Bemardi,
1295 1469 1361 1524 coll.
1380 1468 1531 1533 eoo-803).

282 1555 357 1611 Octo
380 1561 489 1627 puncta
511 1555 700 1627 perfectionis
722 1557 925 1627 assequendae
950 1557 1025 1617 (coll.
1047 1556 1195 1624 soe-806).
1218 1555 1354 1627 Epistola
1375 1556 1531 1628 cujusdam

281 1642 318 1697 de
339 1641 474 1698 doctrina
494 1645 573 1698 vitae
598 1642 737 1713 agendae,
762 1661 815 1698 seu
838 1643 874 1697 de
897 1646 1039 1712 regimine
1061 1642 1165 1711 cordis,
1188 1646 1256 1713 oris,
1279 1650 1309 1697 et
1332 1645 1431 1714 operis
1454 1645 1530 1712 (coll.

282 1728 433 1797 806-808).
453 1729 636 1801 Opusculum
654 1733 684 1783 in
702 1731 776 1785 haec
793 1732 897 1785 verba:
917 1732 979 1802 „Ad
998 1731 1068 1802 quid
1087 1731 1233 1786 venisti“‘?
1253 1730 1330 1799 (coll.
1349 1730 1530 1799 809-81536).

280 1816 371 1872 Liber
391 1815 428 1871 de
450 1816 538 1871 Modo
561 1818 636 1872 bene
658 1818 775 1873 vivendi
798 1818 835 1872 ad
854 1820 991 1873 Sororem
1012 1818 1090 1885 (coll.
1109 1818 1259 1885 sia-890).
1283 1817 1407 1873 Carmen
1428 1835 1530 1889 parae-

281 1905 412 1958 neticum
438 1903 475 1957 ad
499 1902 677 1958 Rainaldum
705 1905 782 1973 (coll.
807 1905 957 1975 891-896).
983 1905 1133 1977 Rythmus
1161 1905 1197 1959 de
1222 1904 1402 1975 contemptu
1429 1903 1530 1959 mundi

282 1990 359 2058 (coll.
379 1990 530 2053 896-897).
549 1991 621 2061 „Die
639 1991 727 2045 homo
747 2010 799 2046 cur
817 1993 964 2048 abuteris“
985 1999 1039 2048 etc.
1059 1992 1123 2060 (col.
1143 1992 1241 2060 897l8).
1265 1992 1385 2046 Jubilvs
1407 1992 1530 2065 rythmi·

282 2096 357 2147 cvm,
376 2076 412 2133 de
429 2078 554 2132 Nomine
569 2078 643 2133 Jesu
663 2078 737 2145 (coll.
753 2078 903 2147 897-899).
922 2080 1081 2151 Rythmica
1099 2081 1192 2134 oratio
1212 2078 1249 2133 ad
1268 2078 1531 2149 unumquodlibet

281 2167 480 2222 membrorum
499 2165 609 2221 Christi
628 2168 775 2237 patientis,
795 2172 826 2221 et
843 2184 861 2221 a
879 2184 965 2220 cruce
983 2165 1140 2237 pendentis
1160 2166 1235 2223 (coll.
1255 2166 1405 2233 900-908).
1430 2166 1530 2221 Oratio

283 2254 392 2310 devota
412 2254 450 2309 ad
471 2253 630 2307 Dominum
651 2254 765 2323 Jesum,
790 2260 821 2308 et
841 2254 873 2309 B.
896 2254 1017 2308 Mariam
1044 2260 1167 2308 matrem
1194 2254 1260 2323 ejus
1282 2253 1358 2320 licoll.
1381 2252 1529 2321 soa-904).

282 2341 379 2396 Prosa
396 2340 433 2395 de
450 2342 606 2395 nativitate
625 2342 743 2395 Domini
763 2340 827 2403 (eol.
846 2341 952 2399 904).-

338 2428 494 2501 Appendix
507 2447 561 2484 seu
577 2430 676 2483 Tomara
692 2430 747 2484 VI:
760 2429 967 2502 Oomplecteus
980 2431 1137 2485 Sermones
1151 2429 1281 2484 Guerrioi
1294 2428 1420 2482 Abbatis
1434 2427 1528 2499 Ignis·

283 2521 380 2573 censis
391 2517 429 2581 (S.
439 2516 581 2572 Bemardi
591 2516 750 2588 discipuli);
765 2520 910 2587 Guigonis
920 2518 1074 2573 Oartusiae
1084 2518 1205 2588 majoris
1216 2518 1326 2570 Prioris
1337 2518 1432 2586 quinti
1444 2532 1529 2586 quas-

284 2605 351 2660 dam
365 2605 521 2677 epistolam
540 2622 665 2660 necnon
680 2607 778 2659 varios
791 2607 945 2675 Auctores,
959 2608 1009 2677 qui
1022 2605 1057 2660 de
1072 2608 1169 2660 Sancti
1183 2602 1325 2658 Bemardi
1337 2604 1426 2658 rebus
1438 2605 1530 2673 gestis

283 2695 473 2765 seripserunt.
484 2692 652 2747 -Guerriei
669 2693 739 2760 (LV)
756 2693 913 2748 Sermones
932 2711 1111 2765 perannum
1131 2693 1196 2759 (col.
1214 2691 1381 2757 eos-1046).
1400 2690 1435 2745 In
1455 2692 1529 2745 festo

282 2780 393 2836 Beatae
411 2781 521 2835 Mariae
538 2779 738 2849 Magdalenae.
758 2780 859 2835 Sermo
871 2781 983 2835 Nicolai
998 2780 1256 2837 Clarae-vallensis
1269 2778 1335 2844 (ool.
1351 2778 1529 2845 lma-1050).

284 2867 427 2939 Guigonis
446 2867 598 2939 Epistolae
617 2867 760 2939 quaedam
773 2867 840 2929 ‹[v;
859 2868 912 2923 eol.
929 2868 1109 2937 leel-1056).
1129 2868 1156 2923 S.
1175 2865 1316 2921 Bemardi
1335 2866 1405 2919 Vita
1423 2872 1454 2919 et-
1472 2864 1530 2919 Res

283 2960 385 3025 gestae
404 2954 486 3008 libris
505 2959 619 3024 septem
638 2953 875 3024 comprehensae.
896 2954 983 3008 Liber
1001 2957 1120 3025 primum
1140 2958 1269 3009 Auctore
1283 2952 1443 3008 (luillelmo
1463 2952 1530 3005 olim

285 3042 313 3097 S.
331 3040 505 3096 Theoderici
529 3058 620 3112 prope
639 3040 749 3094 Remos
773 3040 887 3110 abbate,
913 3048 984 3095 tuno
1009 3043 1153 3096 monacho
1172 3041 1354 3110 Signiacensi
1380 3040 1445 3107 (col.
1466 3038 1528 3092 1061

284 3129 321 3183 ad
342 3128 429 3196 1090).
453 3129 542 3183 Liber
566 3127 722 3197 secundus,
747 3131 876 3183 Auctore
896 3129 1024 3182 Ernaldo
1050 3129 1155 3183 abbate
1175 3129 1275 3182 Bonae
1284 3128 1390 3183 -Vallis
1413 3131 1443 3181 in
1463 3143 1530 3195 agro

286 3218 463 3274 Oarnotensi
490 3216 555 3279 (col.
583 3215 793 3284 1091-1115J6).
822 3215 910 3269 Liber
934 3218 1039 3270 tertius
1064 3217 1193 3269 Auctore
1218 3215 1362 3269 (lanfrido
1387 3214 1530 3269 monacho

285 3303 433 3378 quondam
454 3303 712 3373 Clarae-Vallensi,
732 3309 762 3356 et
780 3303 808 3357 S.
827 3302 968 3356 Bemardi
987 3305 1111 3371 notario,
1130 3308 1236 3374 postea
1254 3303 1360 3357 abbate
1379 3303 1445 3365 (col.
1469 3302 1530 3356 1115

284 3392 322 3449 ad
342 3391 473 3459 1129130).
492 3391 581 3445 Liber
599 3398 722 3461 quartus
741 3391 856 3453 (eodem
875 3396 1009 3453 auotore;
1029 3391 1085 3447 col.
1100 3389 1327 3458 1129-1149250).
1346 3390 1436 3444 Liber
1449 3391 1529 3460 quiu-

284 3489 334 3536 tus
360 3479 474 3548 (eodem
498 3470 632 3541 auotore3
659 3478 713 3532 col.
737 3478 919 3544 llas-1162).
945 3478 1033 3532 Liber
1052 3484 1163 3532 sextus.
1190 3478 1247 3531 Seu
1267 3476 1410 3531 Miracula
1433 3481 1531 3547 partes

284 3586 337 3641 per
349 3568 544 3636 Germaniam,
557 3565 700 3635 Belgium,
714 3565 897 3636 Galbamque
910 3570 1033 3636 pat-rata,
1051 3583 1127 3619 anno
1139 3564 1302 3634 MOXLVI,
1319 3566 1346 3618 in
1362 3571 1423 3619 tres
1436 3564 1531 3620 distri·

285 3657 357 3711 buta
369 3655 433 3723 (col.
449 3654 534 3721 1065).
553 3653 626 3708 Pars
639 3652 661 3707 I.
675 3656 804 3707 Auctore
818 3653 952 3723 Philippo
966 3652 1110 3706 monacho
1124 3651 1367 3707 Clarae-vallensi
1387 3652 1452 3713 (ool.
1467 3652 1531 3707 1167

285 3744 323 3800 ad
348 3743 435 3805 1175).
460 3742 532 3795 Pars
551 3740 590 3795 II.
613 3739 747 3811 Epistola
772 3740 982 3794 Monachorum
1008 3738 1315 3794 Clarae-vallensium
1340 3746 1370 3792 et
1394 3741 1531 3792 comitum

286 3832 314 3888 S.
333 3829 476 3886 Bemardi
500 3827 538 3882 ad
557 3828 687 3884 clericos
714 3827 855 3882 ecclesiae
875 3826 1061 3881 Colonionais
1086 3826 1149 3885 (ool.
1177 3826 1358 3883 1175-1181).
1385 3827 1460 3881 Pars
1479 3826 1531 3881 ΠΙ.

285 3923 415 3975 Auctore
434 3915 576 3973 Gaufrido
595 3915 740 3969 monacho
760 3914 1002 3970 Clarae-vallensi
1022 3914 1086 3969 (col.
1108 3914 1318 3981 1181-119516).
1337 3913 1427 3968 Liber
1444 3913 1532 3984 septi·

285 4023 360 4061 mus.
379 4005 545 4075 Excerptus
565 4020 601 4057 ex
619 4003 694 4056 libro
714 4004 760 4055 cui
778 4001 884 4056 titulus
903 3999 1081 4070 „Exordium
1100 4000 1240 4067 Magnum
1259 3999 1473 4055 cisterciense“
1492 3998 1532 4052 di-

287 4094 445 4149 stinctione
464 4090 594 4147 secunda
611 4090 675 4155 (cel.
691 4088 871 4157 1195-1224).
891 4089 1068 4157 Fragmenta
1088 4105 1123 4141 ex
1139 4088 1278 4141 Herberti
1295 4086 1377 4141 libris
1397 4087 1433 4141 da
1449 4088 1532 4141 Mira-

288 4180 363 4235 oulis
382 4179 624 4235 cisterciensium
641 4176 853 4231 monachorum
879 4176 943 4241 (col.
964 4174 1146 4243 1223-1232).
1175 4173 1311 4228 Secunda
1329 4173 1398 4228 Vita
1416 4175 1446 4230 S.
1464 4175 1533 4228 Ber·

201 4286 204 4293 ·
288 4267 372 4323 nardi
391 4267 516 4336 abbatis,
535 4273 655 4319 auctore
674 4281 728 4319 seu
747 4264 938 4335 compilatore
957 4263 1060 4334 Alano,
1080 4263 1227 4334 quondam
1246 4265 1385 4334 episcopo
1403 4262 1533 4316 Antisio·

288 4353 408 4410 dorensi
434 4352 498 4421 (col.
526 4352 707 4420 late-1274).
733 4353 760 4407 S.
779 4351 922 4406 Bemardi
947 4351 1144 4422 Epitaphium.
1170 4353 1299 4405 Auctore
1317 4349 1432 4404 Adamo
1451 4348 1534 4415 das.

288 4442 409 4497 Victore
435 4441 499 4507 (col.
526 4440 611 4507 1274).
637 4441 816 4509 Fragmenta
840 4456 876 4492 ex
901 4439 1001 4493 Tertia
1017 4440 1087 4493 Vita
1111 4440 1138 4493 S.
1162 4436 1312 4493 Bemardi.
1337 4438 1477 4507 Auctore,
1502 4441 1536 4491 ut

289 4528 415 4599 videtur,
433 4528 576 4585 Gaul'rido
595 4526 740 4583 Monaoho
761 4526 1004 4581 Clarae-vallensi
1023 4526 1088 4592 (col.
1110 4524 1406 4591 1275-1277,8).Vita
1424 4523 1537 4589 Quarta

288 4616 317 4673 S.
339 4615 482 4671 Bemardi
506 4614 621 4669 abbatis
646 4613 762 4668 duobus
786 4612 869 4666 libris
894 4615 1004 4684 scripta
1027 4630 1044 4666 a
1067 4612 1205 4667 Johanne
1228 4612 1358 4666 Eremita
1382 4610 1447 4675 (col.
1469 4610 1536 4663 1277

288 4702 326 4759 ad
351 4702 462 4773 lavata).
489 4702 637 4758 Philothei
666 4699 802 4755 Monaehi
830 4699 865 4754 de
890 4700 960 4754 Vita
984 4707 1014 4754 et
1037 4700 1170 4755 Moribus
1198 4699 1226 4755 S.
1250 4696 1391 4754 Bemardi
1419 4697 1537 4754 abbatis
