3240 5242
621 408 773 505 „aa

125 596 271 666 22311-
282 599 557 682 (S.Bernardus.
571 597 749 683 Opera—l
761 596 969 663 6116666(
982 596 1117 662 abbatis
1130 597 1232 684 primi
1244 598 1320 664 cla·

72 684 326 750 rae-Veliensis
346 685 450 765 Opera
464 686 580 761 amaia,
602 692 787 750 accurante
802 686 835 750 J.
848 684 887 748 P.
899 683 1018 769 Migne
1038 684 1130 767 (Vid.
1147 685 1188 751 N.
1204 685 1318 771 2217).

71 772 244 838 Volumen
256 772 317 853 IV,
332 770 365 835 S.
378 771 548 836 Bernardi
565 771 716 869 Operum
732 771 922 838 tomumVI
939 772 1184 858 complectens.
1199 773 1320 840 Patro-

72 859 185 943 legiae
201 859 331 925 cursus
346 858 512 944 completi
528 858 638 923 Serrei
654 860 699 941 II,
716 867 830 925 tomus
844 858 1055 924 CLXXXV.
1071 859 1321 925 Exeudebatur

73 955 107 1012 et
122 947 220 1011 venit
236 946 327 1032 apud
340 946 364 1010 J
367 996 374 1010 .
387 946 426 1010 P.
442 946 560 1029 Mipae,
574 946 736 1011 Lutetiae
747 945 970 1027 Parisiorum,
990 957 1083 1011 1855.
1101 951 1147 1012 4⁰.
1164 947 1275 1014 aeoli.
1286 985 1320 997 -

126 1042 274 1096 Contenta
286 1040 336 1095 IV.
350 1039 508 1095 volumine.
528 1040 634 1095 Aliena
650 1047 680 1095 et
694 1043 843 1096 variorum
858 1040 894 1095 de
908 1040 936 1094 S.
949 1038 1091 1094 Bernardi
1109 1043 1171 1096 vlta
1190 1047 1220 1096 et
1231 1042 1320 1098 rebus

72 1131 167 1199 gestis
187 1127 432 1182 elucubrationes,

127 1215 268 1281 Guerrici‚
282 1214 397 1269 abbatis
409 1214 601 1284 Igniacensia
615 1214 750 1287 discipuli
763 1215 790 1271 S.
804 1215 955 1283 Bernardi,
967 1215 1125 1270 Sermones
1137 1232 1190 1287 per
1202 1234 1320 1287 annum,

72 1302 127 1356 col.
135 1303 159 1356 9.
167 1301 350 1357 Venerabilis
361 1301 513 1372 Guigonis‚
523 1301 646 1372 Majoris
654 1302 828 1357 carthusiae
840 1304 945 1373 prioris
955 1303 1058 1373 quinti,
1069 1302 1220 1372 Epistulae
1231 1321 1320 1374 quae·

72 1388 148 1457 dam,
167 1388 295 1443 661219.
314 1388 342 1442 S.
355 1387 497 1444 Bemardi
510 1388 580 1444 Vita
598 1394 629 1442 et
643 1388 705 1444 Res
721 1389 831 1444 Gestae
848 1388 931 1444 libris
949 1395 1064 1460 septem
1082 1390 1320 1461 comprehensae,

74 1476 128 1531 col.
148 1475 207 1530 221.
227 1477 297 1529 Acta
315 1476 513 1529 Bollrndiana.
532 1474 577 1529 De
597 1476 624 1530 S.
644 1475 794 1530 Bernardo
813 1478 1043 1532 commentarius
1062 1483 1183 1532 auctore
1200 1476 1318 1533 Joanne

72 1563 161 1616 Pinio
181 1563 209 1617 S.
227 1562 265 1631 J.,
285 1563 339 1616 col.
359 1562 419 1616 643.
440 1561 626 1627 (Donatiaaea
639 1564 712 1632 piae,
733 1570 864 1634 tempore
884 1564 911 1620 S.
930 1563 1073 1619 Bernardi
1092 1563 1317 1620 claravallensi·

72 1651 128 1705 bus
147 1650 251 1720 iactae,
270 1653 300 1704 in
316 1650 425 1720 ilignei
445 1649 574 1705 editione
593 1658 735 1722 apparent
753 1650 937 1706 documentis
956 1657 1061 1707 auctae
1076 1669 1094 1706 a
1109 1652 1145 1706 D.
1162 1652 1272 1708 Rabiere
1287 1653 1320 1708 de

70 1738 250 1804 lubainalle,
270 1737 412 1808 661971).
432 1738 521 1792 Varia
538 1738 621 1793 libris
640 1738 672 1792 de
689 1739 746 1793 etta
764 1739 884 1793 atrebas
900 1739 982 1808 pestis
1000 1738 1029 1794 S.
1045 1740 1185 1794 Bernardr'
1200 1741 1317 1795 Addita

71 1832 169 1892 menta,
185 1825 291 1896 quibus
308 1841 330 1879 s.
349 1823 468 1879 Ordinis
485 1824 691 1881 cisterciensis
707 1824 834 1894 exordia,
849 1844 944 1896 genus
961 1832 991 1880 et
1005 1826 1099 1896 gloria
1115 1827 1274 1898 posthuma
1289 1829 1319 1883 S.

72 1913 223 1982 Bernardi‚
241 1911 495 1967 claraevallenses
511 1912 783 1984 cisterciensesque
796 1915 999 1984 Antiquitates
1014 1913 1208 1969 illustrantur.
1227 1916 1320 1970 Exor-

72 2001 150 2054 de'am
163 2001 299 2069 Mapaam
312 1999 422 2055 ordinis
437 2001 651 2072 cisterciensis,
667 2001 722 2056 col.
736 2002 795 2055 993.
816 2002 845 2055 S.
858 2001 999 2055 Berararde'
1013 2001 1106 2056 Genus
1117 2003 1222 2057 illustre
1233 2020 1318 2058 6666·-

69 2095 136 2143 tum.
155 2086 309 2142 Accedunt
327 2087 440 2143 Odonis
458 2088 495 2143 (16
513 2089 639 2158 Diogilo,
658 2089 804 2143 Johannis
823 2089 978 2157 Eremitae,
1001 2089 1319 2145 Herberti-'Iurrium

70 2174 221 2230 Sardiniae
237 2174 458 2246 archiepiscopi,
476 2175 659 2246 aliorumque
675 2176 789 2246 aliquot
807 2178 981 2246 scriptorum
999 2175 1141 2247 opuscula
1155 2175 1320 2232 duodecimi

70 2269 141 2333 post
159 2261 309 2317 christum
330 2261 440 2315 saeculi
460 2262 613 2317 historiam
633 2265 805 2333 spectantia,
825 2279 895 2316 cura
914 2268 944 2316 et
961 2262 1059 2317 studio
1079 2263 1157 2317 Petri
1174 2264 1320 2320 11666166

73 2349 211 2418 clre'sfletir'
227 2349 254 2403 S.
268 2349 305 2418 J.,
325 2349 470 2403 6611199.
490 2349 518 2405 S.
534 2349 674 2403 Bernardi
689 2350 780 2419 plaria
796 2350 941 2418 posthuma
959 2350 1183 2419 6666166168.
1199 2352 1317 2405 Bernar-

71 2437 124 2490 (lae
137 2436 256 2490 doctarts
269 2438 350 2491 titulo
364 2437 514 2503 decoratas,
528 2437 581 2491 ool.
599 2437 674 2493 1543.
694 2438 875 2491 Monumenta
888 2454 941 2490 eac.
957 2436 1182 2492 claraevallensis
1192 2439 1317 2493 abbatiae

70 2530 101 2578 61
117 2524 273 2592 Epitaphia
293 2530 461 2579 sanctorum
481 2531 511 2579 et
527 2527 656 2579 virorum
673 2524 834 2579 illustrium
850 2526 899 2595 qui
916 2523 1024 2579 ibidem
1039 2525 1149 2596 sepulti
1168 2532 1246 2583 sunt.
1264 2529 1318 2583 col.

71 2613 146 2667 1549.
167 2612 308 2677 Richardi,
325 2614 461 2667 monachi
477 2612 513 2666 de
529 2612 717 2667 Grandisilva
733 2611 793 2666 ord.
811 2612 892 2681 cist,
909 2612 1033 2668 carmen
1050 2611 1085 2666 da
1102 2612 1203 2667 Laude
1220 2613 1318 2668 clare·

70 2699 158 2754 vallis
178 2706 208 2753 et
226 2700 262 2754 de
280 2701 420 2770 religiosa
438 2699 546 2754 ibidem
565 2699 728 2771 disciplina,
748 2701 801 2754 col.
824 2700 899 2754 1593.
918 2700 1073 2768 Descriptio
1092 2701 1200 2754 itineris
1220 2701 1319 2755 Cister-

71 2789 176 2854 aeaeis,
199 2788 277 2857 quod
300 2788 335 2842 ad
358 2790 478 2842 comitia
499 2787 649 2856 generalia
670 2787 803 2858 ejusdem
826 2805 849 2841 6.
872 2787 982 2841 ordinis
1004 2787 1174 2842 faventibus
1197 2788 1317 2859 Superis

68 2875 194 2929 feliciter
218 2876 367 2947 expedivit
388 2877 422 2930 F.
440 2876 544 2944 Jeseplr
563 2876 723 2945 Meplinper,
750 2874 905 2945 religiosus
927 2875 960 2927 B.
980 2875 1018 2930 M.
1042 2872 1078 2929 de
1099 2874 1317 2945 Maris-Stella,

71 2963 160 3033 vulgo
181 2962 361 3032 Wettingen,
382 2963 581 3017 6666611616
602 2981 626 3017 a.
649 2963 723 3033 1667,
743 2962 796 3018 col.
818 2962 892 3017 1565.
917 2962 1093 3030 Descriptioa
1111 2962 1157 3015 des
1175 2963 1318 3017 1661116666

69 3055 93 3104 et
111 3051 270 3118 sepultores,
296 3052 345 3120 qui
369 3053 528 3104 existuient
550 3050 693 3104 autrefois
715 3049 788 3104 dans
811 3049 943 3120 l’abbaye
965 3050 997 3102 de
1018 3050 1140 3115 0116666,
1165 3049 1218 3102 col.
1241 3049 1316 3103 1621.

68 3138 146 3192 Note
166 3153 218 3191 sur
237 3137 548 3203 Fontaiaeslerffiy'oa,
566 3139 661 3208 patrie
680 3137 715 3191 de
735 3137 762 3191 S.
782 3135 921 3204 Bernard,
940 3153 992 3190 sur
1010 3137 1033 3189 le
1048 3136 1161 3204 prteare'
1176 3137 1316 3191 (1611661-

71 3226 140 3288 1666,
160 3223 248 3277 etabli
268 3225 410 3278 66661616
427 3223 500 3277 (1666
520 3222 547 3277 16
566 3224 688 3277 61111666
706 3223 742 3277 (16
760 3240 815 3277 666
835 3223 912 3293 pere,
932 3230 962 3276 et
978 3240 1029 3277 sur
1047 3224 1074 3276 la
1092 3223 1222 3290 alambra,
1242 3226 1278 3277 oa
1295 3225 1317 3278 tl

67 3311 133 3363 dtae'l
151 3312 193 3375 ne,
213 3308 346 3364 davenue
365 3309 392 3363 le
411 3312 578 3363 sanctuaire
595 3309 631 3365 de
647 3310 759 3381 l'r'rglise
777 3310 828 3364 (166
844 3309 1004 3378 1166111666,
1024 3309 1078 3363 col.
1098 3308 1172 3364 1633.
1192 3309 1317 3365 Lettred

67 3397 109 3451 Μ.
131 3398 153 3450 16
172 3402 255 3450 comte
274 3397 306 3449 de
322 3397 529 3451 Moatalembert
546 3414 595 3450 aar
610 3399 646 3451 les
659 3400 774 3466 reliques
789 3399 821 3451 ae
837 3397 867 3453 S.
884 3397 1012 3450 Bernard
1031 3401 1055 3450 et
1073 3397 1106 3449 de
1122 3396 1151 3449 S.
1168 3398 1316 3463 Malaclu'e,

66 3490 91 3539 et
108 3502 157 3538 sar
176 3487 199 3538 le
214 3485 331 3552 premier
345 3486 532 3552 emplacemeat
550 3485 583 3537 de
601 3485 757 3550 Clairaaaa,
776 3503 829 3555 par
848 3485 899 3538 Pa.
918 3484 1073 3552 Gaipnard,
1092 3483 1145 3538 col.
1167 3484 1242 3539 1661.
1262 3484 1316 3554 (Ib.

66 3571 127 3626 III:
152 3571 302 3627 certificat
323 3570 359 3625 de
380 3571 418 3625 M.
438 3572 571 3625 Rocourt
592 3576 763 3626 constatant
785 3570 998 3625 l'authenticitd
1020 3569 1059 3624 du
1081 3571 1144 3641 elief
1160 3571 1317 3626 (166366-

65 3661 147 3727 nard,
173 3660 227 3714 col.
250 3659 329 3722 1715;
352 3659 407 3712 VI:
432 3661 615 3713 Attestation
641 3657 727 3713 d'une
748 3659 849 3727 relique
870 3659 902 3712 de
923 3675 943 3711 6.
965 3659 1094 3712 Ber-nard
1114 3658 1228 3713 donnee
1250 3677 1268 3713 6
1288 3660 1318 3715 16

65 3750 156 3817 reine,
181 3747 235 3802 col.
256 3746 338 3812 1724;
361 3745 431 3800 Vll:
453 3745 541 3801 Sacra
562 3747 672 3814 lipsana
691 3763 712 3799 s.
730 3744 870 3799 Beraardi
887 3750 911 3798 et
931 3762 952 3799 a
972 3745 1135 3812 Malachiae,
1160 3745 1214 3800 col.
1235 3746 1316 3811 1725;

66 3835 169 3890 XVII:
189 3835 318 3889 Eatraita
335 3835 381 3887 dee
397 3834 561 3888 1666166666
578 3835 611 3889 de
629 3834 785 3900 01616666,
804 3834 912 3902 relatiss
928 3851 947 3886 a
964 3851 984 3887 6.
998 3833 1126 3887 Bernard
1143 3839 1167 3885 et
1184 3833 1202 3885 ὰ
1220 3834 1317 3888 6116-

66 3921 445 3990 166116).Ι1666166616666
466 3939 505 3974 un
523 3938 623 3991 voyaqe
644 3922 676 3975 (16
696 3920 862 3974 alternaret
884 3937 916 3974 ea
934 3920 1074 3974 Flaadres
1095 3926 1124 3974 et
1144 3919 1172 3974 le
1194 3921 1263 3974 culte
1284 3923 1317 3976 (16

67 4008 252 4064 Narra-Deme
264 4008 447 4077 d'Asjlr‘plrem,
463 4007 610 4063 recueillis
626 4025 679 4078 par
695 4008 722 4062 le
740 4008 773 4063 R.
787 4008 818 4062 P.
831 4007 909 4061 Dom
922 4006 1004 4060 Pitra
1021 4005 1054 4060 Ο.
1068 4007 1096 4062 S.
1110 4006 1152 4073 B.,
1172 4006 1225 4060 col.
1242 4009 1316 4062 1797.

65 4081 179 4152 Ε’16(166
200 4111 251 4149 sur
265 4095 407 4150 l’histoire
424 4094 462 4149 du
479 4096 570 4150 xmo
592 4095 687 4151 siecle.
707 4095 893 4150 Recherches
911 4111 963 4150 sur
981 4096 1008 4148 la
1021 4099 1088 4163 part
1104 4111 1154 4162 que
1171 4093 1268 4148 l'ordre
1284 4095 1317 4149 de

69 4185 186 4240 citeaaa
204 4191 234 4237 61
256 4184 282 4238 16
302 4191 398 4238 comte
417 4184 453 4238 de
471 4184 597 4239 Flandre
619 4186 731 4255 prirent
753 4185 770 4235 (1
790 4184 901 4237 1616116
920 4183 958 4237 ria
976 4183 1114 4253 Boaiface
1137 4182 1215 4236 VIII
1232 4183 1316 4238 etde

65 4272 201 4343 Philippa
219 4272 247 4326 le
264 4272 328 4339 Bel,
347 4290 400 4343 par
418 4273 528 4342 Kerryr
546 4274 578 4328 de
596 4273 764 4339 Lettenlrare
783 4270 836 4326 col.
858 4271 933 4327 1833.
953 4270 1070 4327 Indices
1091 4269 1203 4326 1921.-

121 4352 231 4437 (Quae
248 4351 508 4435 Additamenta,
530 4374 608 4417 cum
624 4374 679 4416 res
694 4351 821 4437 partim
836 4359 916 4415 ante
932 4351 1092 4434 ineditas,
1113 4349 1240 4437 partim
1253 4373 1316 4437 per

65 4438 174 4504 libros
191 4439 295 4504 hodie
310 4439 504 4504 rarissimos
521 4439 694 4527 dispersas
711 4438 997 4524 complectantur,
1015 4446 1227 4525 postremum
1242 4438 1313 4502 edi-

65 4525 173 4592 tionis
184 4526 392 4612 Migneanae
406 4528 568 4592 volumen
583 4550 664 4592 vere
679 4525 870 4613 pretiosum
887 4525 1044 4590 efficiunt
1060 4533 1163 4610 atque
1175 4525 1217 4590 D.
1231 4525 1315 4589 Ber-

66 4614 165 4677 nerdi
184 4613 376 4678 cultoribus
392 4613 562 4679 instanter
578 4614 844 4693 commendant).
857 4651 891 4661 -

1108 4805 1159 4858 27*
