3240 5242
670 474 681 479 ..
708 385 823 482 {3-

173 574 211 628 40.
223 573 306 644 goth.
319 573 373 644 ch„
388 576 506 643 signum
522 578 581 645 typ.
595 591 618 628 s.
633 574 653 628 l.
670 578 701 628 et
712 578 733 630 t.
746 593 774 630 n.
790 573 947 647 (Lugduni,
963 572 1043 646 apud
1053 572 1199 629 Jaccbum
1211 573 1366 645 Arnollet).

120 678 189 716 cum
201 660 268 731 figg.
280 661 362 730 ligno
374 663 430 715 inc.
440 693 466 700 -
476 661 608 733 (Brunet
622 662 722 733 Suppl.
735 660 758 716 I.
773 662 825 733 75).
836 693 862 702 -

177 803 254 872 320.
266 842 309 851 -
325 804 511 887 (Nicolaus
527 806 571 872 de
586 806 691 889 Lyra.
703 803 760 883 —l
785 804 840 868 Fl
856 802 924 868 Tit.
940 803 1049 868 Prece
1075 802 1204 868 torium
1218 803 1369 890 Nycolai

121 889 165 955 de
179 890 291 976 Lyra:
316 889 391 955 siue
416 890 587 988 expositio
611 890 779 988 tripharia
800 890 969 977 perutilis,
992 890 1029 955 in
1049 826 1255 1042 decaloppm
1277 889 1367 977 legis

122 976 259 1042 diuino:
284 1000 362 1042 cum
376 977 495 1042 multis
510 977 729 1064 pulcerrimis
745 977 939 1042 tractatulis
954 999 994 1043 ac
1011 976 1181 1043 additioni
1208 1000 1259 1063 us,
1283 1000 1367 1043 cun-

124 1064 189 1129 ctis
214 1063 497 1130 christifidelibus
521 1064 612 1129 scitu
635 1064 864 1150 dignissimis:
889 1063 1121 1130 videlicetDc
1135 1064 1291 1129 Decimis
1307 1064 1368 1130 tri·

119 1150 278 1216 buendis.
302 1152 355 1215 De
376 1151 559 1216 duodecim
584 1151 737 1216 articulis
761 1151 852 1216 fidei.
877 1152 930 1216 De
952 1170 988 1216 so
1014 1161 1084 1217 tem
1104 1150 1258 1238 pcccatis
1278 1173 1369 1218 mor-

120 1238 259 1303 talibus.
280 1239 333 1302 De
349 1238 478 1325 triplici
495 1240 597 1303 modo
612 1238 779 1324 peccandi
800 1239 837 1303 in
853 1239 965 1305 deum.
1024 1261 1042 1303 e
1059 1259 1079 1304 o
1106 1237 1221 1303 eribus
1236 1238 1371 1304 miseri·

122 1325 248 1390 cordis.
268 1326 321 1389 Dc
342 1324 535 1407 iratiuitats,
560 1326 641 1410 vita,
666 1334 701 1390 et
719 1333 829 1390 morte
849 1324 1067 1390 Antichristi.
1125 1324 1228 1390 efine
1249 1325 1371 1391 mundi

121 1420 156 1477 et
184 1419 338 1478 extremo
369 1412 510 1477 iudicio.
542 1412 813 1478 Exhortationes
842 1412 1001 1479 faciende
1031 1411 1167 1479 infirmo
1197 1412 1369 1479 morienti.

119 1499 302 1586 Dyulogus
326 1499 482 1563 Ansclmi
511 1508 546 1563 et
571 1499 680 1564 Maris
705 1501 747 1563 de
770 1499 932 1585 passione
960 1499 1090 1565 christi.
1118 1499 1309 1566 Bernartius
1331 1501 1371 1567 de

118 1587 249 1669 planctu
267 1588 352 1651 deols
367 1588 474 1651 Muris
489 1589 633 1669 hirpinis.
651 1587 693 1662 (F
703 1598 808 1669 87vo;
822 1587 977 1672 Explicit
990 1588 1013 1653 f.
1025 1597 1064 1652 92
1078 1586 1154 1665 l.8).
1175 1586 1371 1669 Colloqcium

123 1674 301 1739 Peccatores
318 1678 345 1735 cl
365 1674 527 1756 Crucilhri.
550 1674 642 1755 {For
656 1674 746 1755 l.10;
764 1673 918 1760 Explicit
932 1673 955 1739 f.
967 1676 1032 1757 99).
1046 1672 1228 1761 Dyalcgus
1243 1673 1370 1739 Isidori

121 1761 164 1825 cle
187 1760 328 1825 homine
352 1768 387 1825 et
412 1760 558 1826 ratione.
579 1761 689 1826 Vtiles
712 1761 870 1826 doctrine
894 1781 956 1847 pro
979 1760 1154 1826 lucrandis
1178 1759 1369 1827 animabus.

121 1848 287 1913 Fllovo:
308 1847 447 1912 Finitur
465 1847 725 1934 Preceptorium
748 1846 883 1913 Nicolai
908 1848 950 1912 de
969 1848 1064 1934 Lyre
1087 1871 1165 1913 cum
1184 1847 1370 1914 additioni·

121 1934 187 1999 bus
208 1943 243 1999 et
259 1935 452 1999 tractatulis
473 1934 688 2021 pulcerrimis
709 1935 845 1999 multis:
867 1934 1133 2021 diligentissima
1155 1934 1370 2001 correctione

123 2021 325 2087 elaboratis:
346 2029 416 2086 tam
432 2021 573 2087 senibus
590 2044 693 2106 quam
713 2021 906 2105 iuvenibus,
925 2045 965 2087 ac
985 2020 1207 2089 sermocinari
1224 2021 1370 2088 volenti·

121 2109 187 2174 bus
207 2131 339 2174 summe
355 2109 498 2174 vtilibus
513 2108 694 2195 impressis
715 2108 859 2174 Oolonic
876 2132 938 2195 per
952 2109 1136 2174 honestum
1152 2109 1265 2174 virum
1281 2108 1370 2175 Mar·

121 2196 234 2260 tinum
256 2197 298 2259 de
319 2197 496 2260 werdone:
520 2218 628 2283 prope
649 2196 787 2260 domurn
809 2196 1025 2262 consulatus:
1050 2196 1086 2261 in
1106 2195 1185 2262 vico
1205 2195 1371 2283 burgensi

122 2284 194 2359 (vel
214 2283 269 2348 die
285 2284 545 2368 Burgerstraes)
563 2292 841 2349 commorantem.
866 2283 969 2348 Anno
985 2283 1118 2354 domini
1130 2282 1168 2347 M
1181 2332 1188 2347 .
1203 2282 1369 2370 ccccciiij.

122 2370 189 2434 Die
206 2420 214 2435 .
230 2371 263 2457 xj
283 2370 433 2436 ‚mensis
463 2370 624 2454 Augusti.
656 2370 774 2435 Flll:
803 2370 858 2434 Ad
885 2369 1001 2435 diuam
1027 2369 1199 2456 virginem
1224 2369 1370 2436 Mariam

124 2457 281 2523 Carmen.
294 2496 328 2505 -

176 2566 224 2618 lll
240 2566 269 2618 ff.
283 2566 320 2618 8⁰.
332 2564 362 2617 ll.
375 2564 418 2634 31,
431 2580 498 2617 cum
511 2565 594 2633 sign,
608 2566 672 2618 sine
685 2568 759 2618 cust.
774 2568 804 2617 et
820 2581 865 2633 pp.
879 2581 916 2632 n.‚
932 2562 1013 2631 goth.
1023 2594 1050 2602 -
1059 2562 1235 2629 (Rosenthsl
1249 2560 1313 2617 Cat.
1326 2560 1370 2618 86.

122 2652 156 2708 N.
172 2652 248 2706 1429.
258 2683 282 2689 -
297 2651 352 2705 Vis.
366 2670 401 2705 cx
414 2650 546 2705 biblioth.
561 2650 791 2723 Guelpherbyt.).
801 2682 826 2689 -

659 2847 699 2912 A.
722 2847 839 2915 1504?

178 2997 253 3065 321.
266 3036 310 3045 -
325 2997 373 3077 (S.
389 2997 610 3064 Bernartius.
636 2994 685 3060 De
708 2997 881 3075 contemptu
903 2992 1024 3057 mundi.
1038 2992 1095 3075 -)
1119 2990 1303 3055 Tractatus
1326 2989 1370 3055 de

124 3092 197 3150 arte
221 3084 310 3148 bene
333 3083 474 3148 viuendi
499 3091 534 3146 et
556 3081 644 3146 bene
665 3080 846 3145 moriendi.
871 3077 1051 3165 (Parisiis).
1074 3079 1108 3144 J.
1125 3077 1291 3143 Lambert
1305 3097 1369 3164 pro

123 3171 295 3257 Dionysio
312 3172 418 3236 Iloce.
437 3180 529 3235 1504.
546 3208 579 3216 -

176 3275 221 3329 oh.
233 3274 313 3343 goth.
328 3273 362 3326 36
373 3274 401 3328 ff.
416 3275 470 3328 12⁰.
483 3272 647 3327 Accedunt:
663 3271 787 3326 Cannen
800 3270 837 3325 nd
850 3269 981 3340 angelos.
991 3301 1016 3308 -
1027 3267 1185 3339 Speculum
1196 3267 1370 3338 peccatoris.

124 3362 153 3418 S.
166 3363 328 3416 Bernartius
339 3361 372 3415 de
384 3366 536 3429 contemptu
550 3360 655 3415 ricarli,
665 3391 690 3398 —
701 3358 775 3425 (Cat.
788 3357 955 3412 Rosenthal
967 3356 1009 3411 28.
1023 3355 1057 3411 N.
1070 3355 1160 3425 6305).
1170 3385 1195 3393 -

668 3554 707 3619 A.
730 3554 829 3620 1505.

177 3707 253 3776 322.
267 3747 307 3755 -
328 3708 375 3791 (8.
390 3706 611 3773 Bernartius.
638 3702 859 3786 Floretus.—)
883 3700 939 3764 Fl
966 3702 1012 3785 (n.
1033 3696 1141 3781 num.)
1164 3694 1373 3795 'rimabor

125 3796 247 3860 Floret
270 3795 306 3858 in
321 3814 389 3878 quc
405 3792 508 3857 flores
525 3788 679 3855 onmium
693 3788 862 3853 virtutum
886 3794 920 3851 et
944 3784 1192 3851 detestationcs
1206 3791 1371 3849 vitiorum

126 3882 268 3947 metrice
293 3880 514 3945 continentur
538 3899 605 3943 vna
629 3898 708 3940 cum
731 3881 937 3940 commento
971 3874 1028 3938 Fr
1053 3872 1192 3957 (num.):
1220 3869 1370 3937 Nomine

124 3969 266 4035 floretus
282 3968 370 4032 liber
384 3965 508 4052 incipit
528 3965 570 4029 ad
587 3964 678 4028 bona
703 3970 800 4026 cetus
817 3983 952 4047 semper
968 3960 1034 4025 eris
1055 3966 1150 4023 tutus
1172 3957 1246 4022 eius
1266 3957 1372 4023 docu-

125 4066 241 4121 menta
255 4062 394 4120 secutus
407 4053 513 4138 (etc).
530 4053 571 4115 In
583 4050 669 4114 fine:
685 4048 841 4136 Explicit
855 4048 944 4112 liber
958 4045 1101 4112 Floreti.
1117 4045 1220 4110 Anno
1237 4042 1370 4110 domini

123 4142 309 4208 Mille-simo
327 4136 728 4225 quingentesimoquinto
743 4188 749 4201 .
763 4135 819 4199 dis
834 4157 917 4200 vero
934 4134 993 4199 VI.
1016 4131 1144 4197 mensis
1164 4129 1370 4218 septembris

123 4232 345 4317 Impressrmr.
371 4227 550 4311 Sequitur:
576 4223 709 4289 Tabula
724 4221 856 4288 Floreti
882 4234 914 4305 (6
931 4221 967 4286 ff.
984 4244 1017 4285 n.
1033 4218 1187 4302 numm),
1211 4218 1247 4282 in
1272 4216 1371 4303 cujus

124 4319 192 4382 fine
215 4316 352 4400 insigne
376 4312 585 4401 typographi
611 4333 689 4374 cmn
713 4309 822 4374 literis
845 4310 913 4377 VS
938 4314 972 4372 et
995 4305 1168 4372 sententia
1190 4305 1273 4370 hac:
1296 4304 1369 4370 Me·

125 4413 264 4470 mento.
279 4402 368 4467 finis.
387 4441 412 4448 -

178 4509 226 4562 141
245 4508 273 4562 ff.
289 4509 320 4559 4⁰
334 4505 402 4575 maj.
420 4522 486 4559 cum
502 4505 554 4574 sig.
572 4508 603 4557 ct
619 4502 648 4555 ff.
664 4518 752 4570 num,
773 4501 837 4555 sine
852 4507 926 4554 cust.
945 4498 964 4552 l.
981 4502 1011 4553 st
1029 4503 1089 4570 typ.
1108 4513 1186 4551 nom
1203 4492 1371 4565 (Lugdunit

123 4596 244 4652 Jannot.
255 4593 291 4648 de
301 4592 439 4662 Campis?
450 4589 590 4646 Claudius
600 4589 708 4642 dsuost
718 4588 791 4642 alins
801 4586 838 4640 de
847 4585 971 4656 'l'roys'd
979 4584 1089 4639 -Hist
1097 4582 1167 4637 Litt.
1178 4582 1371 4637 delamense

125 4681 210 4738 XIII.
223 4681 283 4736 224.
294 4711 318 4718 —
334 4680 388 4733 Vis.
401 4696 438 4732 ex
450 4676 583 4732 biblioth.
597 4674 685 4746 palat.
699 4673 833 4741 Monac).
843 4704 867 4711 -

1177 4774 1211 4827 6*
