3240 5242
653 511 656 514 ,
683 422 787 516 Ῑθέ--

89 632 166 674 cnm
183 608 332 674 maxima
345 606 527 694 diligentia
541 610 583 673 de
599 632 691 675 nouo
708 611 909 675 emendatus
925 618 960 675 et
976 619 1162 677 correctus,
1178 610 1336 678 FatNo-

88 697 180 761 mine
195 696 340 762 floretus
363 696 451 760 liber
470 695 594 783 incipit
609 698 650 761 ad
671 696 764 762 bona
780 706 876 762 cetus
893 704 999 784 (etc).
1019 699 1059 763 In
1080 698 1165 763 fine:
1182 699 1338 785 Explicit

88 783 439 849 liberFloreti.Anrrc
449 783 578 848 demini
586 783 772 850 Millesimo
782 786 1060 869 quingentesimo
1070 785 1204 851 decimo
1213 786 1336 872 quinto

89 871 243 935 secunda
258 870 385 934 mensis
400 870 498 935 Julii.
515 870 680 955 Sequitur
696 872 824 936 tabula.
839 910 866 919 -

139 975 178 1029 4⁰.
200 975 286 1028 lata:
305 992 424 1042 numm,
443 976 487 1029 tit.
507 980 537 1028 et
555 974 654 1028 tabula
673 975 727 1028 [iil.
745 992 804 1028 non
821 994 940 1044 numm,
959 993 1026 1029 cum
1042 978 1124 1045 sibun,
1143 994 1166 1031 s.
1183 981 1257 1031 cust.
1273 976 1290 1033 l.
1308 983 1338 1032 et

89 1068 148 1133 tpp.
162 1079 240 1117 nom.
251 1092 277 1102 -
286 1061 439 1132 (Mobillon
449 1061 504 1115 ΠΙ.
517 1060 568 1116 Ed.
581 1061 605 1115 Ι.
619 1063 647 1114 in
660 1062 756 1117 Prael'.
766 1093 792 1102 -
806 1062 860 1116 Va.
874 1082 910 1116 ex
923 1062 1055 1119 biblioth.
1069 1063 1157 1134 qialat.
1168 1064 1301 1135 Monac).
1311 1094 1339 1104 -

143 1204 272 1272 388.-
283 1206 330 1283 (S.
345 1206 565 1272 Bernartius.
586 1204 698 1285 tlpcra.
721 1203 952 1286 —-)F1Tit.:
972 1203 1130 1269 Melliflui
1151 1203 1337 1289 deuotique

91 1291 245 1356 doctoris
265 1291 385 1355 Sancti
401 1292 567 1356 Bernardi
586 1289 722 1354 abbatis
740 1290 1006 1355 Clareuallensis
1024 1291 1263 1357 Oisterciensis
1284 1312 1338 1357 or·

91 1378 180 1443 dinis
202 1381 289 1459 (lpas
310 1378 502 1463 preclarum
528 1399 608 1442 suos
633 1378 867 1462 complectens
889 1400 1046 1443 scariones
1066 1380 1103 1443 de
1126 1384 1280 1460 tcnzpore:
1300 1380 1338 1443 dc

89 1468 229 1531 sanctis:
248 1473 284 1528 et
303 1488 406 1550 snper
430 1466 563 1529 t'antira
585 1467 786 1528 canticoram.
810 1465 976 1550 Alicsque
996 1467 1168 1547 (mirmiram
1189 1468 1256 1531 fiiis
1274 1487 1338 1530 scr-

90 1576 196 1618 atcnes
212 1557 240 1617 ct
253 1554 434 1617 serite-aliar.
451 1550 617 1615 Eiusdem
636 1550 779 1636 insuper
794 1554 963 1633 cyrislolas:
978 1561 1160 1636 ceteraque
1175 1551 1339 1616 uniuersa

91 1640 164 1704 eius
181 1639 359 1726 opuscula.
380 1637 519 1702 Domini
537 1662 674 1722 quoquo
696 1639 861 1702 (lillclrcrti
880 1638 1015 1703 abbatis
1037 1640 1079 1703 de
1094 1638 1283 1703 Hoilandia
1302 1638 1337 1703 in

92 1726 225 1811 anglia:
240 1725 399 1812 prelibati
411 1724 541 1790 ordinis
554 1725 1004 1810 euqnirCanticasalaminae.
1018 1726 1339 1791 Omniasecundum

91 1814 216 1878 seriem
231 1812 288 1876 bic
305 1813 339 1876 in
357 1813 515 1896 sequenti
531 1813 668 1897 pagella
685 1819 885 1875 annotatam
902 1814 1088 1878 collocata:
1106 1812 1292 1898 vigilanter
1304 1821 1339 1878 et

92 1907 254 1966 accurate
270 1906 425 1964 correcta
441 1907 477 1962 et
492 1899 680 1983 recognita.
698 1898 845 1963 Subtus:

345 1987 381 2050 Si
399 1985 497 2071 cupis
513 1985 614 2050 istius
629 1985 823 2051 bonitatem
839 1986 950 2050 visere
965 1985 1062 2050 libri:

343 2075 420 2139 Hoc-
435 2073 557 2139 t'olinm
570 2081 704 2138 vertas:
722 2096 761 2137 ac
776 2072 824 2136 ibi
841 2073 971 2157 scripta
987 2074 1092 2159 legas.

143 2179 167 2232 F
178 2181 246 2232 lvo:
260 2179 357 2231 Series
371 2195 491 2247 opernm
504 2183 594 2246 atque
607 2182 785 2230 tractatuum
799 2180 892 2231 salicti
906 2177 1047 2231 Bernardi
1059 2180 1137 2247 (etc.)
1149 2181 1180 2232 in
1188 2180 1246 2234 hoc
1256 2180 1338 2234 volu·

92 2268 169 2320 mine
182 2272 397 2320 contentia-nm.
412 2265 445 2316 ln
459 2266 559 2333 primis
573 2264 704 2317 eiusdem
718 2266 812 2316 sarrcti
828 2264 968 2318 Bernardi
982 2266 1042 2319 vita
1061 2264 1155 2336 lepide
1174 2273 1205 2321 et
1223 2284 1291 2321 vere
1308 2269 1339 2319 in

93 2356 221 2423 quirnpm
235 2355 343 2424 partita
356 2352 446 2405 libros
457 2352 595 2421 partiales
605 2352 760 2422 descripta.
772 2352 846 2404 ltcm
854 2353 976 2405 silentio
986 2371 1038 2406 sen
1049 2355 1157 2424 positio
1168 2354 1339 2407 monasterii

92 2440 312 2495 clareuallcnsis
332 2448 362 2491 et¹
381 2438 480 2491 solnta
499 2446 529 2491 et
548 2438 674 2508 pedestri
695 2441 834 2491 oratione.
854 2440 920 2493 l'itn
936 2442 1030 2493 sancti
1045 2441 1189 2494 Malaeliie
1208 2442 1340 2510 episcopi

92 2546 110 2581 a
123 2536 228 2582 salicto
242 2525 390 2580 Bernardo
404 2525 637 2579 luculentissime
647 2536 774 2581 exarata.
794 2528 896 2580 Sermo
910 2526 945 2579 de
961 2529 1100 2597 passione
1116 2527 1226 2581 domini
1246 2529 1339 2581 sancti

94 2615 243 2669 Benrardi.
257 2613 370 2667 'l'alnrla
382 2612 567 2682 alphabetico
580 2615 607 2665 in
622 2631 775 2667 sermones
788 2616 881 2667 sarrcti
897 2614 1043 2669 llemardi.
1057 2615 1171 2669 'Pabula
1183 2614 1240 2668 alia
1252 2616 1339 2685 lierti-

95 2702 201 2755 colaris
224 2719 390 2755 sermonum
415 2700 553 2754 eiusdem.
576 2701 733 2755 Semnones
753 2701 862 2755 diuersi
882 2701 1029 2755 ciusdem:
1051 2708 1114 2755 tum
1137 2702 1174 2756 de
1192 2708 1339 2773 tempore:

95 2798 156 2841 tum
170 2788 206 2842 de
220 2790 345 2841 sanctis:
358 2790 434 2840 inter
447 2805 522 2857 quem
535 2789 705 2841 inseruntur
717 2787 842 2842 hornolic
852 2807 942 2859 snper
952 2790 1151 2857 euangelium:
1164 2789 1275 2844 Missus
1286 2796 1340 2843 est.

95 2876 252 2931 Semnones
264 2877 293 2928 in
307 2874 491 2928 dedicatione
504 2875 634 2929 ecclcsie.
648 2877 805 2929 Sennornss¹
819 2894 908 2945 snper
919 2876 1064 2946 [isalnmm
1075 2878 1130 2942 (aui
1143 2877 1263 2930 habitat
1275 2878 1340 2931 Sor-

95 2982 197 3018 mones
211 2962 342 3018 eiusdem
360 2963 396 3015 (le
415 2961 541 3016 diuersis
561 2970 591 3015 ct
611 2962 730 3015 vtilibns
751 2963 890 3032 materijs
911 2966 1013 3017 Sermo
1032 2982 1156 3034 magnus
1176 2963 1214 3017 ad
1231 2963 1340 3018 milites

96 3051 204 3122 templi.
221 3052 323 3104 Sermo
337 3049 412 3102 alins¹
426 3067 550 3119 magnus
564 3050 599 3101 dc
612 3051 806 3102 cormersinne
819 3050 854 3103 nd
869 3050 998 3105 clericos.
1013 3053 1171 3105 Sermones
1184 3050 1233 3104 alii
1247 3050 1341 3104 brori-

95 3155 174 3192 orcs:
189 3139 237 3207 qui
252 3139 334 3207 parni
347 3155 499 3190 sennoncs
513 3138 709 3190 nominant-nr.
723 3136 825 3189 Sermo
838 3136 874 3190 de
887 3137 973 3191 deiris
986 3139 1204 3207 spiritnssancti
1217 3136 1255 3208 (l).
1270 3138 1341 3191 Sen-

96 3230 187 3279 tentie
200 3224 331 3278 ciusdem
346 3225 459 3294 plures:
474 3224 592 3293 pulchre
606 3232 636 3278 et
650 3224 745 3277 vtilcs.
757 3226 913 3278 Sermones
923 3243 1012 3294 super
1022 3226 1143 3279 Cantica
1153 3227 1341 3279 canticorum.

96 3313 252 3366 Tractatns
265 3311 301 3364 de
314 3311 525 3364 lamentatione
536 3311 625 3364 illarie
637 3311 765 3380 virginis.
780 3311 917 3365 llumelia
929 3312 965 3365 de
978 3311 1093 3366 *luobus
1106 3310 1257 3383 discipulis
1271 3329 1341 3365 eun·

96 3400 174 3451 tibus
192 3401 221 3451 in
243 3415 353 3451 ornans.
373 3400 530 3451 Ser-nomes
553 3398 661 3450 domini
684 3397 837 3451 Gilleberti
859 3399 988 3452 abbatis:
1011 3398 1122 3453 ordinis
1144 3399 1342 3452 cisterciensis

96 3503 185 3555 super
204 3485 326 3540 Cantica
343 3486 537 3538 amnicorum:
558 3485 593 3537 ab
608 3504 642 3537 eo
655 3483 721 3537 loco
736 3483 785 3538 vbi
795 3495 917 3538 sanetus
929 3484 1097 3539 Bemnrdus
1110 3491 1205 3539 morte
1217 3500 1341 3555 prouen-

96 3580 159 3627 tus:
174 3573 297 3626 linierat..
310 3572 375 3625 Hec
387 3573 416 3624 in
430 3573 524 3641 prima
542 3577 624 3641 parte
644 3574 737 3624 nostri
753 3572 911 3625 voluminis
930 3576 1131 3626 continentur:
1150 3574 1247 3642 ipsum
1265 3572 1343 3625 enim

98 3678 155 3713 non
169 3660 205 3713 ab
219 3678 250 3712 re
263 3677 318 3713 nec
331 3658 498 3711 inconsulte
513 3659 644 3711 tilianam
657 3658 855 3713 distinximus.

148 3750 320 3817 Sequuntur
333 3764 401 3814 crgo
417 3749 447 3797 tit
456 3736 493 3797 nli
509 3764 608 3798 eornm
623 3765 679 3816 (pic
689 3747 717 3797 in
730 3746 889 3799 scerunlanr
899 3758 1013 3816 partem
1024 3749 1218 3816 reposuimus.
1229 3744 1343 3799 Tabula

98 3854 150 3889 seu
164 3834 250 3888 index
264 3834 465 3904 alphabeticus
479 3835 682 3903 precipnarnm
699 3836 912 3885 scerrtcntiarum
928 3834 957 3884 in
977 3833 1111 3902 epistolis
1130 3838 1342 3885 contentarum.

98 3922 239 3993 Epistola.
260 3921 416 3974 'lractatns
436 3939 489 3974 sen
508 3918 631 3973 libcrdc
645 3919 931 3973 m·›11si‹lcr·ationcad
947 3920 1109 3988 lingoniam
1122 3937 1244 3990 papam:
1259 3920 1341 3989 quin-

98 4028 153 4079 quo
168 4010 308 4079 partialcs
322 4008 520 4077 complectens
533 4009 632 4061 libros.
651 4006 807 4060 'l'ractatns
827 4006 862 4060 dc
881 4009 976 4074 gratia
994 4018 1021 4060 et
1043 4007 1134 4061 libero
1153 4007 1288 4060 arbitrio:
1307 4004 1344 4059 ad

98 4098 291 4152 i'nillcrnnun
314 4097 449 4149 alibatem
473 4097 566 4148 salicti
585 4093 768 4147 'l'lreodorici
788 4093 946 4147 'l‘raclatns
965 4093 1000 4147 dc
1021 4104 1158 4164 precepto
1179 4100 1209 4147 ot
1227 4092 1343 4164 dispen-

98 4187 228 4239 satione:
241 4183 277 4236 ad
291 4182 426 4237 abbatem
439 4181 663 4247 celloliensenq!
672 4191 685 4234 l.
697 4180 853 4234 'sractatns
863 4180 898 4234 dc
909 4179 1057 4248 diligende
1068 4180 1138 4233 deo:
1152 4180 1190 4233 ad
1199 4180 1344 4233 Haimeri·

97 4288 164 4325 cum
186 4287 307 4324 romane
330 4270 452 4323 ecclesie
474 4269 628 4322 diaconum
651 4266 827 4321 cardinalem
850 4275 880 4321 et
898 4266 1113 4320 cancellarium.
1133 4267 1289 4320 'l'ractatus
1308 4266 1345 4320 de

98 4358 150 4428 ‚xij
160 4356 314 4425 ,gradibus
328 4357 501 4410 humilitatis
515 4366 545 4409 ct
555 4356 690 4425 snperbia
700 4355 737 4408 ad
748 4354 940 4409 Godel'ridnm
951 4370 957 4405 :
968 4352 1046 4423 ‹prrod
1056 4355 1114 4407 tint
1123 4356 1247 4424 primum
1258 4370 1345 4407 stram

97 4462 181 4517 opus.
192 4444 337 4514 Apologia
348 4444 477 4497 eiusdem
487 4444 525 4497 ad
534 4443 684 4496 donnmnn
696 4442 887 4496 Vnillerrnnm
900 4442 1036 4495 abbatem
1049 4439 1273 4495 cluniacensem.
1287 4440 1345 4493 Ex-

93 4533 204 4604 positio
219 4530 351 4600 euangoli
350 4531 376 4600 j:
392 4531 468 4584 Ecce
482 4548 535 4583 nos
549 4530 720 4599 reliquimus¹
731 4532 838 4583 omnia.
852 4529 1008 4582 Tractatns
1022 4526 1059 4580 de
1072 4531 1135 4582 vita
1147 4527 1294 4583 solitaria:
1308 4524 1347 4579 ad

93 4620 203 4674 fratres
222 4616 258 4671 da
277 4624 377 4670 monte
396 4616 450 4672 dei.
469 4616 679 4671 Meditationes
699 4619 762 4671 cius
781 4616 987 4671 donet-issima:
1006 4613 1079 4668 alias
1098 4615 1172 4671 liber
1188 4614 1224 4669 de
1240 4614 1345 4667 anima.

94 4708 140 4765 De
152 4707 286 4761 mteriori
300 4704 401 4758 domo:
416 4705 493 4760 idest
504 4704 541 4759 dc
554 4705 735 4759 conscientia
748 4703 916 4758 edilicanda.
930 4703 974 4756 De
988 4700 1090 4755 ordine
1105 4705 1164 4758 rite
1184 4708 1215 4757 et
1231 4716 1347 4755 moram
