3240 5242
643 379 796 475 -.-szt-

93 566 363 636 Praeoationesque
376 562 443 617 Diui
458 566 591 621 Anselmi
602 607 608 620 .
619 566 777 622 Tractatus
790 569 868 621 uitae
881 565 1042 638 spiritualis
1054 566 1123 619 Diui
1137 565 1284 636 Vincentij
1299 582 1345 620 or·

96 652 172 707 dinis
182 652 418 723 praedicatorum
426 697 431 705 .
440 652 542 707 Sermo
550 654 631 707 Petri
642 652 1162 709 DamianiCardinalis.Encl1iridion
1171 655 1251 707 uitae
1262 654 1346 725 spiri-

96 740 186 795 tualis
205 740 241 793 ad
260 740 470 811 perfectionem
490 743 649 795 instituens
668 743 787 811 utiliter,
810 750 840 796 et
861 741 1067 811 compendiose
1089 739 1223 795 authoris
1245 742 1347 811 ignoti.

96 828 275 881 Exercitium
287 829 366 881 uitae
377 832 407 881 at
416 830 564 898 passionis
575 828 683 883 domini
697 829 861 883 admodum
876 830 1020 882 rosarium
1031 827 1058 891 (b
1071 827 1242 881 distinctum
1253 828 1347 881 Diuae

94 914 238 983 Brigittao
249 914 478 969 orat-ionesXV.
487 915 523 968 de
533 915 788 985 passionedomini
804 917 869 969 —In
881 916 939 969 line
949 936 954 967 :
965 916 1145 984 impressum
1153 913 1286 985 VenetiJ's
1296 932 1349 985 per

96 1000 279 1055 Alonissiurn
289 1000 324 1055 de
335 1001 432 1055 Fortis
443 1005 529 1057 Anno
541 1002 658 1056 Domini
671 1003 714 1057 M.
725 1003 941 1057 uxxxvttt.
953 1034 976 1041 —
987 1003 1038 1055 ‘242
1049 1002 1077 1055 ff.
1088 1019 1196 1057 numm.
1207 1000 1237 1054 8⁰
1245 1002 1314 1056 inin.
1323 1032 1347 1039 —

96 1088 169 1156 (Va.
183 1105 219 1141 ex
233 1087 363 1141 biblioth.
376 1090 505 1143 univers
519 1090 732 1159 5700410100).-

149 1201 225 1270 483.
241 1242 270 1249 --
286 1204 298 1275 l
300 1205 332 1270 S.
349 1205 570 1272 Bernardus.
590 1206 707 1271 Medus
726 1205 799 1270 berte
814 1206 940 1269 evenat·
959 1210 1024 1279 eta,
1045 1205 1113 1268 ilat.
1128 1204 1183 1277 —l
1202 1203 1347 1268 Sermoni

97 1290 289 1355 dicatissimi
304 1292 349 1353 ud
363 1312 429 1355 unu
445 1291 605 1355 venerabil
617 1315 677 1355 nto
693 1294 806 1357 sorello
822 1292 976 1356 titonocbu
992 1293 1044 1355 del
1056 1291 1146 1355 mode
1163 1291 1213 1355 det
1228 1290 1285 1354 ben
1301 1290 1346 1353 ei-

97 1399 166 1441 vere
179 1428 186 1441 .
200 1376 242 1440 ln
257 1376 343 1441 fine:
365 1376 501 1442 Finisse
515 1377 540 1441 li
562 1378 712 1442 sermoni
733 1379 775 1442 de
793 1378 901 1443 Santo
917 1379 1095 1453 Bernurdo,
1116 1375 1346 1442 moralissimo

98 1464 247 1543 dottore,
261 1487 281 1527 a
293 1486 356 1527 sua
371 1465 496 1529 sorella
507 1465 689 1547 Monacha,
705 1465 854 1530 trarlucti
872 1465 906 1528 in
923 1465 1043 1547 lingua
1054 1464 1208 1549 vulgare.
1222 1462 1347 1529 Novis-

99 1549 303 1615 simamente
319 1551 363 1613 da
383 1551 464 1636 pnoi
482 1552 562 1633 ogni
581 1553 813 1638 impressione
832 1552 951 1616 revisti
974 1560 1009 1615 et
1029 1549 1211 1615 emendati.
1235 1549 1347 1614 Stam-

98 1637 170 1723 pati
184 1636 220 1700 in
229 1636 381 1701 Veneria
394 1661 455 1724 por
467 1639 671 1723 Deruenego
685 1639 747 1703 Zio
760 1639 954 1703 Venetiano
968 1648 1003 1703 et
1015 1637 1152 1718 l‘ratelli,
1166 1638 1231 1703 Nel
1243 1637 1346 1702 Auno

98 1724 153 1873 piel
171 1732 291 1788 nostro
305 1724 432 1809 Signor
444 1724 540 1789 Mille
553 1725 781 1810 einquecento
796 1749 814 1789 e
831 1735 946 1789 trenta
958 1733 1044 1790 otto.
1057 1725 1124 1789 Adi
1137 1725 1270 1790 Ultimo
1282 1724 1348 1788 Fe·

124 1833 211 1876 raro.
229 1818 273 1875 8⁰.
288 1851 314 1857 -

153 1914 305 1983 (Argelati,
331 1914 405 1967 Bibl.
430 1913 456 1970 d.
480 1914 641 1982 Volgnrinz.
666 1914 698 1968 V.
721 1915 819 1969 428-
834 1916 1014 1985 Broelthaus,
1040 1915 1114 1969 Bihl.
1137 1916 1239 1970 'l'heol
1263 1914 1347 1971 Ceth.

102 2001 134 2055 N.
151 2002 271 2068 1136).-

154 2115 228 2183 484.
289 2116 370 2179 Tit:
385 2118 504 2203 Opera
511 2121 697 2188 Bernardi.
707 2116 788 2183 Divi
798 2119 967 2184 Bernanli
978 2118 1125 2184 Abbatis
1136 2116 1350 2199 clarevallis,

102 2202 233 2266 ordinis
247 2203 496 2286 cisterciensis,
514 2206 674 2270 Uolturis
688 2207 903 2271 disertissimi
917 2229 956 2271 ae
971 2230 1050 2270 vere
1062 2203 1229 2269 melliflui.
1246 2204 1351 2286 Opera

101 2293 207 2354 enutrio
217 2288 354 2353 diuinae
370 2291 597 2355 iustitutionis
607 2293 841 2376 refertissima,
852 2294 1064 2371 accuratiore
1074 2292 1139 2356 iam
1149 2292 1261 2356 denuo
1272 2314 1351 2355 cen-

103 2399 182 2441 sura
192 2377 371 2459 recognita
380 2400 419 2441 ac
431 2379 590 2463 reposita.
603 2381 780 2445 Romnum·
792 2389 1000 2445 tractatntun
1011 2379 1133 2443 seriem
1144 2387 1248 2463 atque
1258 2386 1350 2443 cata-

104 2464 233 2548 logum,
254 2486 401 2548 sequens
424 2488 443 2527 a
458 2476 556 2549 tergo
575 2466 702 2552 pagiua
718 2475 977 2532 tortunenstral.
994 2466 1243 2530 Exeudebatur
1257 2465 1351 2549 Lng-

103 2549 196 2615 duni.
214 2552 317 2615 Anno
335 2563 427 2615 lass.
482 2560 505 2612 F
516 2563 560 2614 tit.
569 2578 620 2614 vo:
635 2561 723 2615 Series·
735 2580 840 2630 operam
850 2569 874 2615 et
887 2568 1051 2615 tractatuum
1063 2562 1149 2630 (clep.
1165 2561 1234 2615 llius
1248 2572 1352 2614 sanata

104 2655 171 2708 vita.
192 2654 260 2708 Vita
272 2673 295 2707 s.
308 2654 478 2709 Malachiae.
495 2655 608 2709 Tabula
620 2675 796 2712 sermonum.
816 2660 943 2712 Situatio
958 2656 1140 2711 Clareuallis.
1158 2655 1272 2709 Tabula
1284 2672 1350 2709 sen-

104 2742 270 2794 tentiarum.
281 2741 421 2794 Doctrina
432 2742 456 2795 b.
467 2741 616 2796 Bernurdi.
630 2744 787 2798 Sermones
797 2745 834 2797 de
845 2752 985 2815 tmnpore,
1000 2744 1036 2797 de
1046 2745 1165 2811 satietis,
1178 2742 1215 2797 de
1225 2742 1351 2797 diversis

105 2840 134 2882 et
146 2828 237 2898 aliqui
251 2829 426 2897 singulares.
440 2830 597 2884 Sermones
610 2848 699 2901 super
711 2834 831 2885 cantica.
847 2832 1006 2901 Epistolae.
1022 2832 1193 2885 'l'ractatusz
1206 2828 1242 2883 de
1255 2830 1350 2883 oonsi-

104 2913 262 2977 deratione,
275 2914 311 2969 de
323 2918 425 2985 gratia,
439 2917 476 2970 de
488 2925 652 2989 praecepto,
666 2918 702 2971 de
715 2918 862 2987 diligendo
881 2920 951 2987 Do0,
968 2919 1004 2971 de
1016 2918 1155 2987 gradibus
1168 2917 1353 2986 humilitatis,

106 3002 257 3072 Apologia.
274 3003 428 3073 Expositis
442 3005 600 3071 ‹marigolim
618 3006 691 3059 Ecce
703 3024 758 3059 nos
772 3006 943 3077 reliquimus
957 3008 1062 3059 omnia.
1081 3006 1124 3059 De
1138 3006 1200 3060 vita
1212 3004 1352 3060 solitaria.

105 3090 321 3145 Meditat-iones.
335 3093 378 3146 De
389 3094 519 3146 interiori
531 3093 627 3147 domo.
639 3095 682 3147 Dc
693 3094 794 3148 ordine
802 3098 888 3151 vitae.
899 3095 984 3150 Scala
993 3093 1203 3148 claustralium.
1213 3091 1354 3147 Formula

106 3177 249 3233 honestae
259 3180 346 3233 vitae.
360 3180 417 3233 Alii
429 3198 581 3235 sermones
591 3184 650 3251 (qni
662 3200 721 3235 nou
732 3200 750 3234 a
759 3182 909 3236 Ber-nardo
921 3182 990 3235 editi
999 3184 1053 3237 visi
1064 3181 1153 3251 sunt).
1164 3180 1209 3234 De
1216 3180 1355 3250 passione

109 3265 235 3319 Domini.
256 3265 300 3319 De
316 3265 527 3321 lamentatione
540 3268 573 3322 V.
586 3269 705 3323 Mariae.
725 3270 855 3323 Homilia
867 3269 903 3323 de
920 3270 1036 3324 duobus
1049 3267 1200 3338 discipulis
1217 3266 1355 3321 euntibus

105 3354 134 3405 in
144 3352 292 3407 Emmaus.
303 3352 460 3408 Sermones
471 3355 623 3409 Gilleberti
637 3374 726 3426 super
738 3360 859 3411 cantica.
869 3389 894 3396 -
906 3357 1013 3411 Devoti
1023 3354 1214 3425 inellilluique
1226 3352 1355 3407 doctoris

106 3437 165 3493 diui
177 3439 318 3494 Bemardi
332 3440 504 3496 clarevallis
516 3442 639 3510 abbatis,
653 3444 806 3514 seraphica
818 3446 926 3514 scripta
938 3444 1161 3513 diligentissime
1175 3458 1242 3495 oum
1254 3437 1354 3494 arohe-

107 3527 185 3597 typis
195 3525 389 3581 bibliothecae
403 3528 565 3583 Clureuulb‘e
573 3548 591 3583 a
600 3533 649 3600 qui
654 3529 776 3584 busdam
787 3529 916 3585 eiusdem
928 3530 1033 3584 domus
1043 3528 1182 3582 monacbis
1192 3523 1355 3591 emendata,

110 3624 197 3684 atque
210 3615 252 3666 ita
269 3616 427 3685 recognita,
443 3624 477 3668 ut
489 3634 565 3685 quae
578 3634 648 3671 uera
665 3619 758 3687 ipsius
771 3619 909 3685 auctoris,
923 3634 1056 3687 utraeque
1071 3614 1233 3685 ascriptitia
1245 3611 1355 3665 fuerint

108 3699 200 3755 lector
212 3718 300 3771 quam
313 3702 450 3755 t'acillime
463 3714 605 3772 agnoscat
617 3706 806 3774 (quamquam
815 3722 850 3758 ea
863 3714 891 3757 et
905 3705 1020 3774 phrasis
1034 3712 1062 3757 et
1076 3703 1196 3772 spiritus
1208 3716 1243 3753 ao
1254 3700 1301 3752 uis
1314 3696 1355 3751 di·

110 3786 192 3841 cendi
202 3787 287 3842 facile
299 3791 443 3857 secernat)
453 3807 530 3843 nuno
540 3789 657 3845 demum
667 3794 695 3843 in
707 3794 846 3861 optimum
857 3794 945 3844 unius
955 3790 1063 3844 codicis
1074 3788 1179 3859 (ueluti
1189 3786 1286 3857 palam
1295 3802 1356 3839 cer-

108 3874 197 3944 nitur)
212 3874 336 3929 t'ormatn
351 3876 476 3939 redacta,
497 3875 657 3948 setlulaque
673 3896 708 3932 ao
722 3878 852 3945 diligenti
866 3896 937 3932 cura
949 3892 979 3931 et
997 3877 1141 3931 indust-ria
1152 3873 1264 3929 Nicolai
1278 3872 1357 3926 Petit

110 3964 181 4016 artis
193 3963 399 4033 impressoriae
412 3965 590 4034 peritissimi,
600 3972 630 4019 et
644 3965 819 4036 bibliopolae
832 3966 966 4036 Laedunt
976 3968 1126 4035 impressa.
1139 3968 1225 4016 Anno
1236 3970 1357 4014 nostrae

111 4048 215 4103 salutis
222 4048 252 4103 M
260 4090 266 4101 .
274 4049 300 4102 D
309 4094 313 4103 .
322 4049 493 4103 XXXVIII.
501 4051 654 4119 -tliadem
665 4050 755 4106 editio
766 4070 840 4123 quae
849 4070 1060 4123 nonruinquam
1065 4051 1231 4105 Jttnetmum
1238 4047 1357 4101 nomine

112 4136 256 4203 ocean-it).
269 4135 331 4189 Fol.
343 4136 375 4189 32
384 4138 412 4191 ff.
426 4155 544 4208 nunun,
558 4138 648 4193 31511.
662 4156 771 4193 numm.
784 4146 872 4211 atque
888 4140 935 4193 107
949 4141 1059 4210 passim
1073 4155 1181 4191 numm.
1194 4137 1278 4187 :451
1292 4134 1321 4187 ff.
1331 4162 1358 4173 -

112 4221 292 4291 (Audili'redi,
309 4222 383 4276 Bibl.
397 4222 534 4277 Casanat.
548 4224 562 4276 1
584 4224 643 4279 570.
653 4256 680 4266 -
690 4224 859 4281 clementer
870 4226 930 4282 392.
939 4257 966 4267 -
975 4226 1052 4280 Hist.
1065 4225 1135 4279 Litt.
1152 4223 1189 4277 de
1204 4223 1233 4277 la
1245 4220 1357 4275 Franoe

112 4306 195 4362 XIII.
206 4310 298 4364 tta·
307 4310 406 4379 Rossi,
416 4310 554 4365 Biblioth.
565 4312 692 4367 Borbon.
703 4311 725 4365 Ι.
736 4312 795 4367 305.
803 4346 827 4352 -
840 4314 894 4367 Vb.
905 4330 941 4367 ex
950 4311 1082 4366 biblioth.
1094 4310 1182 4381 palat
1191 4309 1359 4375 Monac).-

507 4436 609 4503 Inter
631 4456 714 4504 ann.
737 4437 974 4504 1523-1540:

163 4552 238 4622 485.
251 4597 292 4605 -
306 4556 354 4639 (S.
370 4556 591 4625 Bernartius.
612 4556 771 4637 Epistola,
788 4559 873 4637 (ittpl.
897 4558 946 4633 -l
962 4557 994 4620 A
1012 4555 1102 4621 boko
1118 4554 1232 4637 newly
1248 4568 1359 4615 trans·

113 4636 202 4703 lated
216 4652 277 4709 out
289 4642 452 4727 ol'Latyn
466 4642 501 4707 in
514 4651 550 4709 to
565 4642 760 4728 Englisshe,
774 4644 885 4710 called
898 4642 971 4711 The
983 4642 1150 4727 folowing
1162 4640 1202 4707 of
1211 4638 1358 4704 Christe.
