<?xml version="1.0" encoding="UTF-8"?>
<!DOCTYPE html PUBLIC "-//W3C//DTD XHTML 1.0 Transitional//EN"
    "http://www.w3.org/TR/xhtml1/DTD/xhtml1-transitional.dtd">
<html xmlns="http://www.w3.org/1999/xhtml" xml:lang="en" lang="en">
 <head>
  <title>
</title>
<meta http-equiv="Content-Type" content="text/html;charset=utf-8" />
  <meta name='ocr-system' content='tesseract 3.04.00' />
  <meta name='ocr-capabilities' content='ocr_page ocr_carea ocr_par ocr_line ocrx_word'/>
</head>
<body>
  <div class='ocr_page' id='page_1' title='image "./bibliographiabe00janagoog_0117.png"; bbox 0 0 3240 5242; ppageno 0'>
   <div class='ocr_carea' id='block_1_1' title="bbox 832 383 985 481">
    <p class='ocr_par' dir='ltr' id='par_1_1' title="bbox 832 383 985 481">
     <span class='ocr_line' id='line_1_1' title="bbox 832 383 985 481; baseline 0 0"><span class='ocrx_word' id='word_1_1' title='bbox 832 383 985 481; x_wconf 42' lang='lat'>*⁶⁰*</span> 
     </span>
    </p>
   </div>
   <div class='ocr_carea' id='block_1_2' title="bbox 825 627 997 696">
    <p class='ocr_par' dir='ltr' id='par_1_2' title="bbox 825 627 997 696">
     <span class='ocr_line' id='line_1_2' title="bbox 825 627 997 696; baseline 0.006 -1"><span class='ocrx_word' id='word_1_2' title='bbox 825 629 865 695; x_wconf 82' lang='lat' dir='ltr'>A.</span> <span class='ocrx_word' id='word_1_3' title='bbox 885 627 997 696; x_wconf 73' lang='lat'>1498?</span> 
     </span>
    </p>
   </div>
   <div class='ocr_carea' id='block_1_3' title="bbox 287 765 1533 2762">
    <p class='ocr_par' dir='ltr' id='par_1_3' title="bbox 287 765 1533 2762">
     <span class='ocr_line' id='line_1_3' title="bbox 341 765 1532 857; baseline -0.002 -22"><span class='ocrx_word' id='word_1_4' title='bbox 341 766 468 836; x_wconf 83' lang='lat'>215.-</span> <span class='ocrx_word' id='word_1_5' title='bbox 481 769 825 852; x_wconf 76' lang='lat' dir='ltr'>(Meditationes—)</span> <span class='ocrx_word' id='word_1_6' title='bbox 838 767 867 830; x_wconf 89' lang='lat' dir='ltr'>F</span> <span class='ocrx_word' id='word_1_7' title='bbox 880 780 907 850; x_wconf 91' lang='grc'>1,</span> <span class='ocrx_word' id='word_1_8' title='bbox 920 765 1031 853; x_wconf 75' lang='lat' dir='ltr'>(Sign.</span> <span class='ocrx_word' id='word_1_9' title='bbox 1043 766 1068 831; x_wconf 92' lang='lat' dir='ltr'>h</span> <span class='ocrx_word' id='word_1_10' title='bbox 1069 771 1115 857; x_wconf 71' lang='lat' dir='ltr'>Ji:</span> <span class='ocrx_word' id='word_1_11' title='bbox 1128 766 1212 831; x_wconf 93' lang='lat' dir='ltr'>Diui</span> <span class='ocrx_word' id='word_1_12' title='bbox 1222 770 1385 833; x_wconf 79' lang='lat' dir='ltr'>Bernardi</span> <span class='ocrx_word' id='word_1_13' title='bbox 1397 768 1532 834; x_wconf 86' lang='lat' dir='ltr'>abbatis</span> 
     </span>
     <span class='ocr_line' id='line_1_4' title="bbox 289 853 1532 938; baseline 0.003 -21"><span class='ocrx_word' id='word_1_14' title='bbox 289 853 333 917; x_wconf 89' lang='lat' dir='ltr'>ad</span> <span class='ocrx_word' id='word_1_15' title='bbox 358 854 507 918; x_wconf 88' lang='lat' dir='ltr'>humane</span> <span class='ocrx_word' id='word_1_16' title='bbox 534 854 743 919; x_wconf 89' lang='lat' dir='ltr'>conditionis</span> <span class='ocrx_word' id='word_1_17' title='bbox 771 853 1005 938; x_wconf 76' lang='lat' dir='ltr'>cognitionem</span> <span class='ocrx_word' id='word_1_18' title='bbox 1032 853 1274 919; x_wconf 77' lang='lat' dir='ltr'>meditationes</span> <span class='ocrx_word' id='word_1_19' title='bbox 1299 855 1532 921; x_wconf 88' lang='lat' dir='ltr'>deuotissime.</span> 
     </span>
     <span class='ocr_line' id='line_1_5' title="bbox 287 939 1532 1026; baseline 0.003 -23"><span class='ocrx_word' id='word_1_20' title='bbox 287 940 414 1007; x_wconf 68' lang='lat' dir='ltr'>Flavo</span> <span class='ocrx_word' id='word_1_21' title='bbox 431 940 495 1005; x_wconf 90' lang='lat' dir='ltr'>col.</span> <span class='ocrx_word' id='word_1_22' title='bbox 513 952 550 1005; x_wconf 76' lang='lat'>2:</span> <span class='ocrx_word' id='word_1_23' title='bbox 567 939 676 1006; x_wconf 82' lang='lat' dir='ltr'>Finis.</span> <span class='ocrx_word' id='word_1_24' title='bbox 692 941 722 1006; x_wconf 91' lang='lat' dir='ltr'>F</span> <span class='ocrx_word' id='word_1_25' title='bbox 737 952 772 1004; x_wconf 85' lang='lat'>16</span> <span class='ocrx_word' id='word_1_26' title='bbox 790 941 901 1025; x_wconf 86' lang='lat' dir='ltr'>(Sign.</span> <span class='ocrx_word' id='word_1_27' title='bbox 917 948 971 1023; x_wconf 71' lang='lat' dir='ltr'>nl:</span> <span class='ocrx_word' id='word_1_28' title='bbox 989 940 1149 1026; x_wconf 80' lang='lat' dir='ltr'>Epistola</span> <span class='ocrx_word' id='word_1_29' title='bbox 1165 940 1255 1005; x_wconf 86' lang='lat' dir='ltr'>beati</span> <span class='ocrx_word' id='word_1_30' title='bbox 1280 942 1450 1007; x_wconf 88' lang='lat' dir='ltr'>Bernardi</span> <span class='ocrx_word' id='word_1_31' title='bbox 1474 942 1532 1007; x_wconf 89' lang='lat' dir='ltr'>ab·</span> 
     </span>
     <span class='ocr_line' id='line_1_6' title="bbox 288 1026 1530 1113; baseline 0.002 -22"><span class='ocrx_word' id='word_1_32' title='bbox 288 1026 379 1091; x_wconf 89' lang='lat' dir='ltr'>batis</span> <span class='ocrx_word' id='word_1_33' title='bbox 396 1028 439 1092; x_wconf 91' lang='lat' dir='ltr'>de</span> <span class='ocrx_word' id='word_1_34' title='bbox 480 1026 671 1093; x_wconf 83' lang='lat' dir='ltr'>erlectione</span> <span class='ocrx_word' id='word_1_35' title='bbox 686 1027 769 1092; x_wconf 86' lang='lat' dir='ltr'>vite.</span> <span class='ocrx_word' id='word_1_36' title='bbox 786 1026 844 1113; x_wconf 87' lang='lat' dir='ltr'>„Si</span> <span class='ocrx_word' id='word_1_37' title='bbox 860 1027 961 1113; x_wconf 86' lang='lat' dir='ltr'>plene</span> <span class='ocrx_word' id='word_1_38' title='bbox 977 1027 1031 1091; x_wconf 88' lang='lat' dir='ltr'>vis</span> <span class='ocrx_word' id='word_1_39' title='bbox 1048 1027 1217 1112; x_wconf 63' lang='lat' dir='ltr'>assequil.</span> <span class='ocrx_word' id='word_1_40' title='bbox 1234 1029 1262 1092; x_wconf 92' lang='lat' dir='ltr'>F</span> <span class='ocrx_word' id='word_1_41' title='bbox 1276 1040 1312 1093; x_wconf 73' lang='grc'>11</span> <span class='ocrx_word' id='word_1_42' title='bbox 1332 1030 1397 1095; x_wconf 88' lang='lat' dir='ltr'>col.</span> <span class='ocrx_word' id='word_1_43' title='bbox 1416 1043 1445 1112; x_wconf 78' lang='lat'>2,</span> <span class='ocrx_word' id='word_1_44' title='bbox 1460 1030 1480 1094; x_wconf 94' lang='lat' dir='ltr'>l.</span> <span class='ocrx_word' id='word_1_45' title='bbox 1496 1040 1530 1094; x_wconf 88' lang='lat'>5:</span> 
     </span>
     <span class='ocr_line' id='line_1_7' title="bbox 288 1112 1530 1200; baseline 0.002 -22"><span class='ocrx_word' id='word_1_46' title='bbox 288 1114 410 1179; x_wconf 90' lang='lat' dir='ltr'>Amen.</span> <span class='ocrx_word' id='word_1_47' title='bbox 421 1153 448 1161; x_wconf 94' lang='lat'>-</span> <span class='ocrx_word' id='word_1_48' title='bbox 502 1124 604 1179; x_wconf 72' lang='lat' dir='ltr'>livo:</span> <span class='ocrx_word' id='word_1_49' title='bbox 622 1114 742 1179; x_wconf 86' lang='lat' dir='ltr'>Sermo</span> <span class='ocrx_word' id='word_1_50' title='bbox 759 1112 1000 1179; x_wconf 78' lang='lat' dir='ltr'>dominipetri</span> <span class='ocrx_word' id='word_1_51' title='bbox 1016 1114 1178 1179; x_wconf 85' lang='lat' dir='ltr'>Damiani</span> <span class='ocrx_word' id='word_1_52' title='bbox 1202 1115 1395 1181; x_wconf 80' lang='lat' dir='ltr'>canlinalis,</span> <span class='ocrx_word' id='word_1_53' title='bbox 1423 1117 1530 1200; x_wconf 78' lang='lat' dir='ltr'>„Pen-</span> 
     </span>
     <span class='ocr_line' id='line_1_8' title="bbox 287 1199 1531 1298; baseline 0.002 -33"><span class='ocrx_word' id='word_1_54' title='bbox 287 1201 433 1266; x_wconf 87' lang='lat' dir='ltr'>sandum</span> <span class='ocrx_word' id='word_1_55' title='bbox 457 1202 585 1288; x_wconf 90' lang='lat' dir='ltr'>quippe</span> <span class='ocrx_word' id='word_1_56' title='bbox 609 1206 693 1266; x_wconf 83' lang='lat' dir='ltr'>est“.</span> <span class='ocrx_word' id='word_1_57' title='bbox 716 1202 795 1265; x_wconf 80' lang='lat' dir='ltr'>Fre</span> <span class='ocrx_word' id='word_1_58' title='bbox 817 1199 964 1284; x_wconf 72' lang='grc'><strong>001.2,1.</strong></span> <span class='ocrx_word' id='word_1_59' title='bbox 983 1212 1070 1266; x_wconf 78' lang='lat'><strong>5-6:</strong></span> <span class='ocrx_word' id='word_1_60' title='bbox 1090 1203 1326 1298; x_wconf 79' lang='lat' dir='ltr'>„propositum</span> <span class='ocrx_word' id='word_1_61' title='bbox 1341 1203 1531 1267; x_wconf 90' lang='lat' dir='ltr'>indeclina-</span> 
     </span>
     <span class='ocr_line' id='line_1_9' title="bbox 288 1287 1533 1375; baseline 0.002 -24"><span class='ocrx_word' id='word_1_62' title='bbox 288 1287 404 1352; x_wconf 90' lang='lat' dir='ltr'>biliter</span> <span class='ocrx_word' id='word_1_63' title='bbox 417 1289 601 1352; x_wconf 88' lang='lat' dir='ltr'>custodire.</span> <span class='ocrx_word' id='word_1_64' title='bbox 611 1289 754 1353; x_wconf 81' lang='lat' dir='ltr'>Amen“.</span> <span class='ocrx_word' id='word_1_65' title='bbox 766 1327 792 1335; x_wconf 96' lang='lat'>-</span> <span class='ocrx_word' id='word_1_66' title='bbox 805 1288 834 1350; x_wconf 93' lang='lat' dir='ltr'>F</span> <span class='ocrx_word' id='word_1_67' title='bbox 846 1298 931 1353; x_wconf 79' lang='grc'><strong>1910</strong></span> <span class='ocrx_word' id='word_1_68' title='bbox 942 1310 948 1351; x_wconf 92' lang='lat'>:</span> <span class='ocrx_word' id='word_1_69' title='bbox 962 1287 1143 1354; x_wconf 85' lang='lat' dir='ltr'>Meditatio</span> <span class='ocrx_word' id='word_1_70' title='bbox 1155 1289 1403 1375; x_wconf 81' lang='lat' dir='ltr'>redemptionis</span> <span class='ocrx_word' id='word_1_71' title='bbox 1416 1299 1533 1355; x_wconf 87' lang='lat' dir='ltr'>nostre</span> 
     </span>
     <span class='ocr_line' id='line_1_10' title="bbox 288 1373 1531 1461; baseline 0.002 -23"><span class='ocrx_word' id='word_1_72' title='bbox 288 1374 381 1439; x_wconf 87' lang='lat' dir='ltr'>beati</span> <span class='ocrx_word' id='word_1_73' title='bbox 403 1375 560 1439; x_wconf 86' lang='lat' dir='ltr'>Anselmi</span> <span class='ocrx_word' id='word_1_74' title='bbox 584 1373 835 1461; x_wconf 88' lang='lat' dir='ltr'>archiepiscopi</span> <span class='ocrx_word' id='word_1_75' title='bbox 861 1374 1128 1439; x_wconf 85' lang='lat' dir='ltr'>Oantuariensis.</span> <span class='ocrx_word' id='word_1_76' title='bbox 1152 1376 1230 1441; x_wconf 88' lang='lat' dir='ltr'>F31</span> <span class='ocrx_word' id='word_1_77' title='bbox 1249 1376 1313 1440; x_wconf 87' lang='grc'><strong>001.</strong></span> <span class='ocrx_word' id='word_1_78' title='bbox 1331 1390 1368 1441; x_wconf 77' lang='lat'>‘21</span> <span class='ocrx_word' id='word_1_79' title='bbox 1385 1376 1531 1441; x_wconf 88' lang='lat' dir='ltr'>Finis.-</span> 
     </span>
     <span class='ocr_line' id='line_1_11' title="bbox 288 1461 1531 1547; baseline 0.002 -22"><span class='ocrx_word' id='word_1_80' title='bbox 288 1461 384 1526; x_wconf 80' lang='lat' dir='ltr'>Fsa:</span> <span class='ocrx_word' id='word_1_81' title='bbox 401 1462 533 1526; x_wconf 80' lang='lat' dir='ltr'>Frater.</span> <span class='ocrx_word' id='word_1_82' title='bbox 550 1462 591 1525; x_wconf 91' lang='lat' dir='ltr'>N.</span> <span class='ocrx_word' id='word_1_83' title='bbox 611 1461 787 1525; x_wconf 88' lang='lat' dir='ltr'>laudensis</span> <span class='ocrx_word' id='word_1_84' title='bbox 811 1461 942 1526; x_wconf 83' lang='lat' dir='ltr'>ordinis</span> <span class='ocrx_word' id='word_1_85' title='bbox 965 1461 1238 1547; x_wconf 87' lang='lat' dir='ltr'>predicatorum:</span> <span class='ocrx_word' id='word_1_86' title='bbox 1264 1485 1339 1527; x_wconf 89' lang='lat' dir='ltr'>sese</span> <span class='ocrx_word' id='word_1_87' title='bbox 1363 1464 1405 1527; x_wconf 88' lang='lat' dir='ltr'>ad</span> <span class='ocrx_word' id='word_1_88' title='bbox 1429 1463 1531 1528; x_wconf 91' lang='lat' dir='ltr'>huius</span> 
     </span>
     <span class='ocr_line' id='line_1_12' title="bbox 287 1546 1531 1633; baseline 0.002 -21"><span class='ocrx_word' id='word_1_89' title='bbox 287 1546 396 1612; x_wconf 88' lang='lat' dir='ltr'>libelli</span> <span class='ocrx_word' id='word_1_90' title='bbox 413 1548 565 1612; x_wconf 86' lang='lat' dir='ltr'>studium</span> <span class='ocrx_word' id='word_1_91' title='bbox 583 1549 632 1612; x_wconf 91' lang='lat' dir='ltr'>sic</span> <span class='ocrx_word' id='word_1_92' title='bbox 648 1549 815 1612; x_wconf 85' lang='lat' dir='ltr'>hortatur.</span> <span class='ocrx_word' id='word_1_93' title='bbox 835 1548 952 1632; x_wconf 85' lang='lat' dir='ltr'>„Mens</span> <span class='ocrx_word' id='word_1_94' title='bbox 968 1571 1045 1612; x_wconf 85' lang='lat' dir='ltr'>mea</span> <span class='ocrx_word' id='word_1_95' title='bbox 1057 1549 1139 1633; x_wconf 89' lang='lat' dir='ltr'>quid</span> <span class='ocrx_word' id='word_1_96' title='bbox 1154 1549 1302 1633; x_wconf 81' lang='lat' dir='ltr'>cogitas:</span> <span class='ocrx_word' id='word_1_97' title='bbox 1321 1549 1409 1628; x_wconf 73' lang='lat' dir='ltr'>Quid</span> <span class='ocrx_word' id='word_1_98' title='bbox 1424 1550 1531 1615; x_wconf 90' lang='lat' dir='ltr'>tantis</span> 
     </span>
     <span class='ocr_line' id='line_1_13' title="bbox 290 1634 1531 1722; baseline 0.002 -23"><span class='ocrx_word' id='word_1_99' title='bbox 290 1657 372 1699; x_wconf 88' lang='lat' dir='ltr'>ceca</span> <span class='ocrx_word' id='word_1_100' title='bbox 386 1634 581 1721; x_wconf 80' lang='lat' dir='ltr'>procellis“.</span> <span class='ocrx_word' id='word_1_101' title='bbox 599 1635 651 1699; x_wconf 85' lang='lat' dir='ltr'>lb.</span> <span class='ocrx_word' id='word_1_102' title='bbox 665 1636 729 1701; x_wconf 87' lang='lat' dir='ltr'>col.</span> <span class='ocrx_word' id='word_1_103' title='bbox 743 1648 779 1700; x_wconf 78' lang='lat'>2:</span> <span class='ocrx_word' id='word_1_104' title='bbox 792 1635 875 1699; x_wconf 91' lang='lat' dir='ltr'>Pius</span> <span class='ocrx_word' id='word_1_105' title='bbox 888 1636 1060 1699; x_wconf 88' lang='lat' dir='ltr'>secundus</span> <span class='ocrx_word' id='word_1_106' title='bbox 1072 1636 1229 1722; x_wconf 80' lang='lat' dir='ltr'>pontifex</span> <span class='ocrx_word' id='word_1_107' title='bbox 1242 1659 1331 1701; x_wconf 82' lang='lat' dir='ltr'>mex.</span> <span class='ocrx_word' id='word_1_108' title='bbox 1344 1637 1381 1701; x_wconf 91' lang='lat' dir='ltr'>in</span> <span class='ocrx_word' id='word_1_109' title='bbox 1393 1638 1531 1701; x_wconf 88' lang='lat' dir='ltr'>laudem</span> 
     </span>
     <span class='ocr_line' id='line_1_14' title="bbox 290 1721 1532 1809; baseline 0.002 -24"><span class='ocrx_word' id='word_1_110' title='bbox 290 1721 362 1786; x_wconf 92' lang='lat' dir='ltr'>diui</span> <span class='ocrx_word' id='word_1_111' title='bbox 377 1722 576 1807; x_wconf 81' lang='lat' dir='ltr'>Augustini.</span> <span class='ocrx_word' id='word_1_112' title='bbox 592 1722 734 1787; x_wconf 68' lang='lat' dir='ltr'>Fssavo:</span> <span class='ocrx_word' id='word_1_113' title='bbox 751 1721 920 1808; x_wconf 86' lang='lat' dir='ltr'>Mapheus</span> <span class='ocrx_word' id='word_1_114' title='bbox 943 1722 1066 1807; x_wconf 86' lang='lat' dir='ltr'>vegius</span> <span class='ocrx_word' id='word_1_115' title='bbox 1089 1723 1263 1787; x_wconf 85' lang='lat' dir='ltr'>laudensis</span> <span class='ocrx_word' id='word_1_116' title='bbox 1287 1725 1381 1809; x_wconf 83' lang='lat' dir='ltr'>(etc.)</span> <span class='ocrx_word' id='word_1_117' title='bbox 1405 1724 1532 1788; x_wconf 89' lang='lat' dir='ltr'>beatis-</span> 
     </span>
     <span class='ocr_line' id='line_1_15' title="bbox 289 1808 1532 1895; baseline 0.002 -23"><span class='ocrx_word' id='word_1_118' title='bbox 289 1808 374 1873; x_wconf 90' lang='lat' dir='ltr'>sime</span> <span class='ocrx_word' id='word_1_119' title='bbox 389 1808 545 1874; x_wconf 90' lang='lat' dir='ltr'>Monice:</span> <span class='ocrx_word' id='word_1_120' title='bbox 562 1808 632 1874; x_wconf 92' lang='lat' dir='ltr'>diui</span> <span class='ocrx_word' id='word_1_121' title='bbox 650 1808 838 1895; x_wconf 85' lang='lat' dir='ltr'>Augustini</span> <span class='ocrx_word' id='word_1_122' title='bbox 856 1808 955 1873; x_wconf 87' lang='lat' dir='ltr'>matri</span> <span class='ocrx_word' id='word_1_123' title='bbox 968 1809 1200 1895; x_wconf 83' lang='lat' dir='ltr'>pientissimo:</span> <span class='ocrx_word' id='word_1_124' title='bbox 1217 1810 1433 1875; x_wconf 85' lang='lat' dir='ltr'>Mausoleum</span> <span class='ocrx_word' id='word_1_125' title='bbox 1447 1811 1532 1875; x_wconf 86' lang='lat' dir='ltr'>mira</span> 
     </span>
     <span class='ocr_line' id='line_1_16' title="bbox 290 1896 1532 1984; baseline 0.002 -25"><span class='ocrx_word' id='word_1_126' title='bbox 290 1903 362 1960; x_wconf 86' lang='lat' dir='ltr'>arte</span> <span class='ocrx_word' id='word_1_127' title='bbox 373 1896 586 1961; x_wconf 87' lang='lat' dir='ltr'>elaboratum</span> <span class='ocrx_word' id='word_1_128' title='bbox 596 1900 700 1979; x_wconf 79' lang='lat' dir='ltr'>(etc).</span> <span class='ocrx_word' id='word_1_129' title='bbox 711 1936 737 1944; x_wconf 96' lang='lat'>-</span> <span class='ocrx_word' id='word_1_130' title='bbox 747 1897 776 1961; x_wconf 92' lang='lat' dir='ltr'>F</span> <span class='ocrx_word' id='word_1_131' title='bbox 786 1908 873 1961; x_wconf 77' lang='grc'><strong>3210</strong></span> <span class='ocrx_word' id='word_1_132' title='bbox 884 1919 891 1959; x_wconf 90' lang='lat'>:</span> <span class='ocrx_word' id='word_1_133' title='bbox 904 1897 1104 1981; x_wconf 85' lang='lat' dir='ltr'>Registrum</span> <span class='ocrx_word' id='word_1_134' title='bbox 1118 1920 1196 1961; x_wconf 89' lang='lat' dir='ltr'>curu</span> <span class='ocrx_word' id='word_1_135' title='bbox 1208 1898 1309 1983; x_wconf 89' lang='lat' dir='ltr'>signo</span> <span class='ocrx_word' id='word_1_136' title='bbox 1322 1908 1360 1983; x_wconf 86' lang='lat' dir='ltr'>ty</span> <span class='ocrx_word' id='word_1_137' title='bbox 1386 1897 1532 1984; x_wconf 86' lang='lat' dir='ltr'>ographi</span> 
     </span>
     <span class='ocr_line' id='line_1_17' title="bbox 289 1920 1532 2070; baseline 0.002 -25"><span class='ocrx_word' id='word_1_138' title='bbox 289 1982 466 2068; x_wconf 82' lang='lat' dir='ltr'>literisque</span> <span class='ocrx_word' id='word_1_139' title='bbox 479 1986 518 2050; x_wconf 85' lang='grc' dir='ltr'>Α.</span> <span class='ocrx_word' id='word_1_140' title='bbox 530 1986 568 2050; x_wconf 93' lang='grc' dir='ltr'>Β.</span> <span class='ocrx_word' id='word_1_141' title='bbox 586 1984 675 2067; x_wconf 87' lang='lat' dir='ltr'>(Hae</span> <span class='ocrx_word' id='word_1_142' title='bbox 692 1991 807 2070; x_wconf 84' lang='lat' dir='ltr'>partes</span> <span class='ocrx_word' id='word_1_143' title='bbox 820 1981 985 2047; x_wconf 85' lang='lat' dir='ltr'>exhibent</span> <span class='ocrx_word' id='word_1_144' title='bbox 997 1983 1192 2067; x_wconf 89' lang='lat' dir='ltr'>signaturas</span> <span class='ocrx_word' id='word_1_145' title='bbox 1204 1983 1296 2068; x_wconf 71' lang='lat' dir='ltr'>iij-o</span> <span class='ocrx_word' id='word_1_146' title='bbox 1311 1920 1436 2070; x_wconf 65' lang='grc'><strong>[10101</strong></span> <span class='ocrx_word' id='word_1_147' title='bbox 1453 1985 1532 2070; x_wconf 75' lang='lat' dir='ltr'>„qui</span> 
     </span>
     <span class='ocr_line' id='line_1_18' title="bbox 289 2069 1531 2156; baseline 0.002 -23"><span class='ocrx_word' id='word_1_148' title='bbox 289 2076 342 2133; x_wconf 90' lang='lat' dir='ltr'>est</span> <span class='ocrx_word' id='word_1_149' title='bbox 357 2069 605 2154; x_wconf 76' lang='lat' dir='ltr'>quinterrrus“).</span> <span class='ocrx_word' id='word_1_150' title='bbox 630 2070 795 2155; x_wconf 82' lang='lat' dir='ltr'>Sequitur</span> <span class='ocrx_word' id='word_1_151' title='bbox 814 2070 853 2133; x_wconf 91' lang='lat' dir='ltr'>F.</span> <span class='ocrx_word' id='word_1_152' title='bbox 870 2082 910 2135; x_wconf 83' lang='lat'>33</span> <span class='ocrx_word' id='word_1_153' title='bbox 928 2069 1030 2154; x_wconf 85' lang='lat' dir='ltr'>(sign.</span> <span class='ocrx_word' id='word_1_154' title='bbox 1042 2070 1098 2156; x_wconf 86' lang='lat' dir='ltr'>p):</span> <span class='ocrx_word' id='word_1_155' title='bbox 1117 2072 1224 2137; x_wconf 82' lang='lat' dir='ltr'>Sermo</span> <span class='ocrx_word' id='word_1_156' title='bbox 1239 2074 1342 2136; x_wconf 73' lang='grc'><strong>1011011</strong></span> <span class='ocrx_word' id='word_1_157' title='bbox 1357 2071 1531 2137; x_wconf 71' lang='grc' dir='ltr'><strong>11001ον111.</strong></span> 
     </span>
     <span class='ocr_line' id='line_1_19' title="bbox 289 2155 1530 2241; baseline 0.001 -21"><span class='ocrx_word' id='word_1_158' title='bbox 289 2155 339 2220; x_wconf 86' lang='lat' dir='ltr'>De</span> <span class='ocrx_word' id='word_1_159' title='bbox 348 2159 501 2239; x_wconf 75' lang='lat' dir='ltr'>passione</span> <span class='ocrx_word' id='word_1_160' title='bbox 516 2158 644 2222; x_wconf 65' lang='lat' dir='ltr'>floralici.</span> <span class='ocrx_word' id='word_1_161' title='bbox 665 2158 805 2241; x_wconf 76' lang='lat' dir='ltr'>„desum</span> <span class='ocrx_word' id='word_1_162' title='bbox 823 2179 1029 2221; x_wconf 86' lang='lat' dir='ltr'>nazarenum</span> <span class='ocrx_word' id='word_1_163' title='bbox 1046 2179 1065 2220; x_wconf 87' lang='lat' dir='ltr'>a</span> <span class='ocrx_word' id='word_1_164' title='bbox 1088 2156 1231 2221; x_wconf 75' lang='lat' dir='ltr'>iudeis“.</span> <span class='ocrx_word' id='word_1_165' title='bbox 1255 2159 1392 2241; x_wconf 83' lang='lat' dir='ltr'>F39vo,</span> <span class='ocrx_word' id='word_1_166' title='bbox 1419 2158 1484 2223; x_wconf 90' lang='lat' dir='ltr'>col.</span> <span class='ocrx_word' id='word_1_167' title='bbox 1502 2170 1530 2240; x_wconf 74' lang='lat'>2,</span> 
     </span>
     <span class='ocr_line' id='line_1_20' title="bbox 287 2243 1532 2342; baseline 0.002 -36"><span class='ocrx_word' id='word_1_168' title='bbox 287 2243 310 2306; x_wconf 93' lang='lat' dir='ltr'>l.</span> <span class='ocrx_word' id='word_1_169' title='bbox 330 2254 386 2307; x_wconf 91' lang='lat'>11:</span> <span class='ocrx_word' id='word_1_170' title='bbox 410 2244 526 2308; x_wconf 87' lang='lat' dir='ltr'>secula</span> <span class='ocrx_word' id='word_1_171' title='bbox 545 2244 749 2308; x_wconf 87' lang='lat' dir='ltr'>seculorum.</span> <span class='ocrx_word' id='word_1_172' title='bbox 773 2245 894 2308; x_wconf 87' lang='lat' dir='ltr'>Amen.</span> <span class='ocrx_word' id='word_1_173' title='bbox 920 2243 1099 2328; x_wconf 82' lang='lat' dir='ltr'>Sequitur:</span> <span class='ocrx_word' id='word_1_174' title='bbox 1119 2244 1320 2329; x_wconf 77' lang='lat' dir='ltr'>„Tractatus</span> <span class='ocrx_word' id='word_1_175' title='bbox 1340 2245 1412 2309; x_wconf 89' lang='lat' dir='ltr'>vite</span> <span class='ocrx_word' id='word_1_176' title='bbox 1433 2245 1532 2342; x_wconf 91' lang='lat' dir='ltr'>spiri-</span> 
     </span>
     <span class='ocr_line' id='line_1_21' title="bbox 288 2330 1532 2428; baseline 0.001 -34"><span class='ocrx_word' id='word_1_177' title='bbox 288 2330 392 2394; x_wconf 90' lang='lat' dir='ltr'>tualis</span> <span class='ocrx_word' id='word_1_178' title='bbox 411 2331 524 2396; x_wconf 87' lang='lat' dir='ltr'>editus</span> <span class='ocrx_word' id='word_1_179' title='bbox 546 2353 566 2394; x_wconf 86' lang='lat' dir='ltr'>a</span> <span class='ocrx_word' id='word_1_180' title='bbox 589 2330 691 2395; x_wconf 90' lang='lat' dir='ltr'>beato</span> <span class='ocrx_word' id='word_1_181' title='bbox 711 2330 896 2395; x_wconf 88' lang='lat' dir='ltr'>Vincentio</span> <span class='ocrx_word' id='word_1_182' title='bbox 921 2331 1052 2395; x_wconf 90' lang='lat' dir='ltr'>ordinis</span> <span class='ocrx_word' id='word_1_183' title='bbox 1076 2331 1364 2428; x_wconf 84' lang='lat' dir='ltr'>predicatorum“,</span> <span class='ocrx_word' id='word_1_184' title='bbox 1390 2331 1532 2418; x_wconf 82' lang='lat' dir='ltr'>incipe</span> 
     </span>
     <span class='ocr_line' id='line_1_22' title="bbox 287 2417 1531 2504; baseline 0 -23"><span class='ocrx_word' id='word_1_185' title='bbox 287 2417 408 2503; x_wconf 80' lang='lat' dir='ltr'>signi,</span> <span class='ocrx_word' id='word_1_186' title='bbox 427 2440 469 2482; x_wconf 84' lang='lat' dir='ltr'>ex</span> <span class='ocrx_word' id='word_1_187' title='bbox 485 2439 553 2502; x_wconf 94' lang='lat' dir='ltr'>quo</span> <span class='ocrx_word' id='word_1_188' title='bbox 569 2425 675 2504; x_wconf 87' lang='lat' dir='ltr'>patet,</span> <span class='ocrx_word' id='word_1_189' title='bbox 692 2418 921 2502; x_wconf 78' lang='lat' dir='ltr'>fragmentum</span> <span class='ocrx_word' id='word_1_190' title='bbox 940 2417 1041 2481; x_wconf 85' lang='lat' dir='ltr'>alieni</span> <span class='ocrx_word' id='word_1_191' title='bbox 1066 2417 1146 2482; x_wconf 85' lang='lat' dir='ltr'>libri</span> <span class='ocrx_word' id='word_1_192' title='bbox 1170 2418 1265 2482; x_wconf 88' lang='lat' dir='ltr'>illum</span> <span class='ocrx_word' id='word_1_193' title='bbox 1290 2419 1531 2484; x_wconf 88' lang='lat' dir='ltr'>esse.Priores</span> 
     </span>
     <span class='ocr_line' id='line_1_23' title="bbox 287 2503 1531 2602; baseline 0.001 -34"><span class='ocrx_word' id='word_1_194' title='bbox 287 2512 403 2589; x_wconf 87' lang='lat' dir='ltr'>partes</span> <span class='ocrx_word' id='word_1_195' title='bbox 425 2504 579 2602; x_wconf 89' lang='lat' dir='ltr'>exceptis</span> <span class='ocrx_word' id='word_1_196' title='bbox 600 2503 719 2591; x_wconf 79' lang='lat' dir='ltr'>paucis</span> <span class='ocrx_word' id='word_1_197' title='bbox 739 2503 918 2570; x_wconf 86' lang='lat' dir='ltr'>vocabulis</span> <span class='ocrx_word' id='word_1_198' title='bbox 941 2503 1040 2568; x_wconf 87' lang='lat' dir='ltr'>aliter</span> <span class='ocrx_word' id='word_1_199' title='bbox 1059 2503 1197 2590; x_wconf 89' lang='lat' dir='ltr'>scriptis</span> <span class='ocrx_word' id='word_1_200' title='bbox 1216 2505 1431 2571; x_wconf 87' lang='lat' dir='ltr'>conveniunt</span> <span class='ocrx_word' id='word_1_201' title='bbox 1453 2528 1531 2570; x_wconf 90' lang='lat' dir='ltr'>cum</span> 
     </span>
     <span class='ocr_line' id='line_1_24' title="bbox 289 2589 1530 2679; baseline 0.002 -26"><span class='ocrx_word' id='word_1_202' title='bbox 289 2590 440 2656; x_wconf 85' lang='lat' dir='ltr'>editione</span> <span class='ocrx_word' id='word_1_203' title='bbox 452 2591 626 2656; x_wconf 80' lang='lat' dir='ltr'>Brixiensi</span> <span class='ocrx_word' id='word_1_204' title='bbox 639 2591 764 2676; x_wconf 83' lang='lat' dir='ltr'>Angeli</span> <span class='ocrx_word' id='word_1_205' title='bbox 778 2589 970 2655; x_wconf 85' lang='lat' dir='ltr'>Britannici</span> <span class='ocrx_word' id='word_1_206' title='bbox 985 2590 1027 2654; x_wconf 89' lang='lat' dir='ltr'>de</span> <span class='ocrx_word' id='word_1_207' title='bbox 1039 2591 1224 2675; x_wconf 83' lang='lat' dir='ltr'>Pallaaolo,</span> <span class='ocrx_word' id='word_1_208' title='bbox 1239 2593 1336 2679; x_wconf 89' lang='lat' dir='ltr'>impr.</span> <span class='ocrx_word' id='word_1_209' title='bbox 1343 2592 1439 2657; x_wconf 89' lang='lat' dir='ltr'>VIH.</span> <span class='ocrx_word' id='word_1_210' title='bbox 1455 2593 1530 2658; x_wconf 90' lang='lat' dir='ltr'>Oct.</span> 
     </span>
     <span class='ocr_line' id='line_1_25' title="bbox 292 2679 570 2762; baseline 0.004 -20"><span class='ocrx_word' id='word_1_211' title='bbox 292 2687 384 2762; x_wconf 79' lang='grc'><strong>1400,</strong></span> <span class='ocrx_word' id='word_1_212' title='bbox 400 2679 442 2743; x_wconf 87' lang='lat' dir='ltr'>N.</span> <span class='ocrx_word' id='word_1_213' title='bbox 460 2689 533 2743; x_wconf 81' lang='grc'><strong>111.</strong></span> <span class='ocrx_word' id='word_1_214' title='bbox 545 2718 570 2725; x_wconf 93' lang='grc'><strong>-</strong></span> 
     </span>
    </p>
   </div>
   <div class='ocr_carea' id='block_1_4' title="bbox 341 2780 1208 2851">
    <p class='ocr_par' dir='ltr' id='par_1_4' title="bbox 341 2780 1208 2851">
     <span class='ocr_line' id='line_1_26' title="bbox 341 2780 1208 2851; baseline 0.001 -18"><span class='ocrx_word' id='word_1_215' title='bbox 341 2781 561 2851; x_wconf 69' lang='lat' dir='ltr'>(Fragmentum</span> <span class='ocrx_word' id='word_1_216' title='bbox 579 2781 627 2835; x_wconf 82' lang='lat' dir='ltr'>cis.</span> <span class='ocrx_word' id='word_1_217' title='bbox 646 2799 682 2835; x_wconf 87' lang='lat' dir='ltr'>ex</span> <span class='ocrx_word' id='word_1_218' title='bbox 701 2780 831 2834; x_wconf 90' lang='lat' dir='ltr'>biblioth.</span> <span class='ocrx_word' id='word_1_219' title='bbox 852 2782 980 2835; x_wconf 88' lang='lat' dir='ltr'>univers.</span> <span class='ocrx_word' id='word_1_220' title='bbox 1001 2780 1208 2851; x_wconf 87' lang='lat' dir='ltr'>Oenipont.).-</span> 
     </span>
    </p>
   </div>
   <div class='ocr_carea' id='block_1_5' title="bbox 723 2958 1100 3026">
    <p class='ocr_par' dir='ltr' id='par_1_5' title="bbox 723 2958 1100 3026">
     <span class='ocr_line' id='line_1_27' title="bbox 723 2958 1100 3026; baseline -0.011 -2"><span class='ocrx_word' id='word_1_221' title='bbox 723 2958 758 3024; x_wconf 87' lang='lat'>0.</span> <span class='ocrx_word' id='word_1_222' title='bbox 776 2978 860 3026; x_wconf 84' lang='lat' dir='ltr'>ann.</span> <span class='ocrx_word' id='word_1_223' title='bbox 876 2958 1100 3024; x_wconf 82' lang='lat'>1497-1499:</span> 
     </span>
    </p>
   </div>
   <div class='ocr_carea' id='block_1_6' title="bbox 286 3095 1533 4752">
    <p class='ocr_par' dir='ltr' id='par_1_6' title="bbox 286 3095 1533 4399">
     <span class='ocr_line' id='line_1_28' title="bbox 338 3095 1531 3184; baseline -0.006 -18"><span class='ocrx_word' id='word_1_224' title='bbox 338 3098 466 3167; x_wconf 75' lang='grc'><strong>2111-</strong></span> <span class='ocrx_word' id='word_1_225' title='bbox 480 3099 668 3184; x_wconf 82' lang='lat' dir='ltr'>(Planctus</span> <span class='ocrx_word' id='word_1_226' title='bbox 684 3098 722 3164; x_wconf 89' lang='lat' dir='ltr'>B.</span> <span class='ocrx_word' id='word_1_227' title='bbox 738 3098 783 3163; x_wconf 88' lang='grc' dir='ltr'>Μ.</span> <span class='ocrx_word' id='word_1_228' title='bbox 792 3099 830 3163; x_wconf 84' lang='lat' dir='ltr'>V.</span> <span class='ocrx_word' id='word_1_229' title='bbox 839 3105 895 3180; x_wconf 74' lang='grc'>-1</span> <span class='ocrx_word' id='word_1_230' title='bbox 912 3095 940 3159; x_wconf 82' lang='lat' dir='ltr'>F</span> <span class='ocrx_word' id='word_1_231' title='bbox 953 3107 967 3159; x_wconf 86' lang='lat'>1</span> <span class='ocrx_word' id='word_1_232' title='bbox 982 3095 1066 3159; x_wconf 79' lang='lat' dir='ltr'>Tit:</span> <span class='ocrx_word' id='word_1_233' title='bbox 1080 3096 1196 3160; x_wconf 79' lang='lat' dir='ltr'>Passio</span> <span class='ocrx_word' id='word_1_234' title='bbox 1208 3096 1329 3160; x_wconf 77' lang='lat' dir='ltr'>dornini</span> <span class='ocrx_word' id='word_1_235' title='bbox 1340 3097 1442 3161; x_wconf 74' lang='lat' dir='ltr'>nostri</span> <span class='ocrx_word' id='word_1_236' title='bbox 1453 3096 1531 3162; x_wconf 83' lang='lat' dir='ltr'>Jcsa</span> 
     </span>
     <span class='ocr_line' id='line_1_29' title="bbox 291 3181 1532 3279; baseline -0.002 -29"><span class='ocrx_word' id='word_1_237' title='bbox 291 3185 412 3251; x_wconf 70' lang='lat' dir='ltr'>diuisa?</span> <span class='ocrx_word' id='word_1_238' title='bbox 427 3185 616 3248; x_wconf 88' lang='lat' dir='ltr'>secundum</span> <span class='ocrx_word' id='word_1_239' title='bbox 632 3184 755 3247; x_wconf 87' lang='lat' dir='ltr'>seriem</span> <span class='ocrx_word' id='word_1_240' title='bbox 771 3190 935 3267; x_wconf 89' lang='lat' dir='ltr'>quattuor</span> <span class='ocrx_word' id='word_1_241' title='bbox 949 3181 1267 3266; x_wconf 86' lang='lat' dir='ltr'>Evangelistarum:</span> <span class='ocrx_word' id='word_1_242' title='bbox 1283 3204 1345 3279; x_wconf 88' lang='lat' dir='ltr'>per</span> <span class='ocrx_word' id='word_1_243' title='bbox 1360 3183 1532 3267; x_wconf 89' lang='lat' dir='ltr'>quendam</span> 
     </span>
     <span class='ocr_line' id='line_1_30' title="bbox 286 3268 1530 3356; baseline -0.001 -21"><span class='ocrx_word' id='word_1_244' title='bbox 286 3270 427 3337; x_wconf 87' lang='lat' dir='ltr'>fratrem</span> <span class='ocrx_word' id='word_1_245' title='bbox 436 3270 792 3354; x_wconf 69' lang='lat' dir='ltr'>ordinismiuorumllj</span> <span class='ocrx_word' id='word_1_246' title='bbox 802 3271 843 3333; x_wconf 89' lang='lat' dir='ltr'>de</span> <span class='ocrx_word' id='word_1_247' title='bbox 853 3268 1093 3334; x_wconf 87' lang='lat' dir='ltr'>observancia:</span> <span class='ocrx_word' id='word_1_248' title='bbox 1104 3268 1403 3356; x_wconf 77' lang='lat' dir='ltr'>acurratissrma(!)</span> <span class='ocrx_word' id='word_1_249' title='bbox 1414 3291 1530 3356; x_wconf 87' lang='lat' dir='ltr'>opera:</span> 
     </span>
     <span class='ocr_line' id='line_1_31' title="bbox 288 3357 1532 3443; baseline -0.001 -21"><span class='ocrx_word' id='word_1_250' title='bbox 288 3359 579 3442; x_wconf 88' lang='lat' dir='ltr'>deuotissimaque</span> <span class='ocrx_word' id='word_1_251' title='bbox 589 3357 805 3443; x_wconf 85' lang='lat' dir='ltr'>expositione</span> <span class='ocrx_word' id='word_1_252' title='bbox 816 3357 1002 3420; x_wconf 85' lang='lat' dir='ltr'>illustrata:</span> <span class='ocrx_word' id='word_1_253' title='bbox 1016 3378 1286 3440; x_wconf 87' lang='lat' dir='ltr'>magnorumque</span> <span class='ocrx_word' id='word_1_254' title='bbox 1294 3357 1447 3420; x_wconf 90' lang='lat' dir='ltr'>virorum</span> <span class='ocrx_word' id='word_1_255' title='bbox 1457 3379 1532 3421; x_wconf 88' lang='lat' dir='ltr'>sen-</span> 
     </span>
     <span class='ocr_line' id='line_1_32' title="bbox 286 3442 1532 3532; baseline -0.003 -22"><span class='ocrx_word' id='word_1_256' title='bbox 286 3445 413 3532; x_wconf 86' lang='lat' dir='ltr'>tencijs</span> <span class='ocrx_word' id='word_1_257' title='bbox 426 3444 667 3509; x_wconf 86' lang='lat' dir='ltr'>venustissimo</span> <span class='ocrx_word' id='word_1_258' title='bbox 680 3445 856 3509; x_wconf 87' lang='lat' dir='ltr'>adornata.</span> <span class='ocrx_word' id='word_1_259' title='bbox 874 3443 961 3529; x_wconf 78' lang='lat' dir='ltr'>(Sub</span> <span class='ocrx_word' id='word_1_260' title='bbox 973 3442 1027 3506; x_wconf 91' lang='lat' dir='ltr'>his</span> <span class='ocrx_word' id='word_1_261' title='bbox 1039 3442 1170 3507; x_wconf 85' lang='lat' dir='ltr'>verbis:</span> <span class='ocrx_word' id='word_1_262' title='bbox 1189 3443 1346 3527; x_wconf 72' lang='lat' dir='ltr'>symbola</span> <span class='ocrx_word' id='word_1_263' title='bbox 1358 3443 1532 3528; x_wconf 85' lang='lat' dir='ltr'>evangeli-</span> 
     </span>
     <span class='ocr_line' id='line_1_33' title="bbox 287 3528 1533 3617; baseline -0.002 -21"><span class='ocrx_word' id='word_1_264' title='bbox 287 3541 417 3597; x_wconf 89' lang='lat' dir='ltr'>starum</span> <span class='ocrx_word' id='word_1_265' title='bbox 441 3540 476 3596; x_wconf 89' lang='lat' dir='ltr'>et</span> <span class='ocrx_word' id='word_1_266' title='bbox 498 3531 666 3617; x_wconf 90' lang='lat' dir='ltr'>imagines</span> <span class='ocrx_word' id='word_1_267' title='bbox 689 3532 749 3596; x_wconf 84' lang='lat' dir='ltr'>SS.</span> <span class='ocrx_word' id='word_1_268' title='bbox 766 3530 871 3613; x_wconf 89' lang='lat' dir='ltr'>Petri,</span> <span class='ocrx_word' id='word_1_269' title='bbox 895 3528 1533 3612; x_wconf 73' lang='grc'><strong>1)61116116,.1600111-1’161110(1010111101</strong></span> 
     </span>
     <span class='ocr_line' id='line_1_34' title="bbox 287 3615 1530 3702; baseline -0.002 -18"><span class='ocrx_word' id='word_1_270' title='bbox 287 3619 404 3702; x_wconf 88' lang='lat' dir='ltr'>Pauli;</span> <span class='ocrx_word' id='word_1_271' title='bbox 421 3619 600 3684; x_wconf 76' lang='grc' dir='ltr'><strong>1111116111οε</strong></span> <span class='ocrx_word' id='word_1_272' title='bbox 615 3617 709 3683; x_wconf 90' lang='lat' dir='ltr'>orbis</span> <span class='ocrx_word' id='word_1_273' title='bbox 721 3626 898 3700; x_wconf 89' lang='lat' dir='ltr'>terrarum,</span> <span class='ocrx_word' id='word_1_274' title='bbox 916 3616 969 3681; x_wconf 89' lang='lat' dir='ltr'>cui</span> <span class='ocrx_word' id='word_1_275' title='bbox 986 3639 1069 3680; x_wconf 88' lang='lat' dir='ltr'>crux</span> <span class='ocrx_word' id='word_1_276' title='bbox 1084 3615 1222 3680; x_wconf 88' lang='lat' dir='ltr'>insidet.</span> <span class='ocrx_word' id='word_1_277' title='bbox 1238 3618 1280 3680; x_wconf 88' lang='grc'>111</span> <span class='ocrx_word' id='word_1_278' title='bbox 1293 3624 1402 3700; x_wconf 82' lang='lat' dir='ltr'>tergo,</span> <span class='ocrx_word' id='word_1_279' title='bbox 1415 3618 1530 3683; x_wconf 89' lang='lat' dir='ltr'>Flvo:</span> 
     </span>
     <span class='ocr_line' id='line_1_35' title="bbox 288 3703 1532 3791; baseline 0 -22"><span class='ocrx_word' id='word_1_280' title='bbox 288 3705 402 3791; x_wconf 85' lang='lat' dir='ltr'>imago</span> <span class='ocrx_word' id='word_1_281' title='bbox 420 3705 600 3789; x_wconf 72' lang='lat' dir='ltr'>crucifixi).</span> <span class='ocrx_word' id='word_1_282' title='bbox 624 3706 699 3769; x_wconf 80' lang='lat' dir='ltr'>Fa:</span> <span class='ocrx_word' id='word_1_283' title='bbox 716 3705 836 3770; x_wconf 91' lang='lat' dir='ltr'>Passio</span> <span class='ocrx_word' id='word_1_284' title='bbox 852 3703 982 3769; x_wconf 87' lang='lat' dir='ltr'>domini</span> <span class='ocrx_word' id='word_1_285' title='bbox 996 3704 1019 3768; x_wconf 84' lang='lat' dir='ltr'>J</span> <span class='ocrx_word' id='word_1_286' title='bbox 1023 3726 1083 3767; x_wconf 89' lang='lat' dir='ltr'>esu</span> <span class='ocrx_word' id='word_1_287' title='bbox 1100 3703 1217 3766; x_wconf 86' lang='lat' dir='ltr'>christi</span> <span class='ocrx_word' id='word_1_288' title='bbox 1234 3703 1377 3789; x_wconf 89' lang='lat' dir='ltr'>Egregii</span> <span class='ocrx_word' id='word_1_289' title='bbox 1393 3726 1532 3789; x_wconf 87' lang='lat' dir='ltr'>magne-</span> 
     </span>
     <span class='ocr_line' id='line_1_36' title="bbox 289 3789 1531 3878; baseline -0.002 -21"><span class='ocrx_word' id='word_1_290' title='bbox 289 3815 355 3878; x_wconf 91' lang='lat' dir='ltr'>que</span> <span class='ocrx_word' id='word_1_291' title='bbox 368 3792 524 3858; x_wconf 82' lang='lat' dir='ltr'>doctrine</span> <span class='ocrx_word' id='word_1_292' title='bbox 537 3814 711 3857; x_wconf 87' lang='lat' dir='ltr'>sacrorum</span> <span class='ocrx_word' id='word_1_293' title='bbox 725 3789 938 3876; x_wconf 89' lang='lat' dir='ltr'>eloquiorum</span> <span class='ocrx_word' id='word_1_294' title='bbox 952 3790 1148 3877; x_wconf 87' lang='lat' dir='ltr'>interpretis</span> <span class='ocrx_word' id='word_1_295' title='bbox 1160 3789 1317 3875; x_wconf 87' lang='lat' dir='ltr'>perutilis</span> <span class='ocrx_word' id='word_1_296' title='bbox 1329 3790 1445 3876; x_wconf 88' lang='lat' dir='ltr'>passio</span> <span class='ocrx_word' id='word_1_297' title='bbox 1458 3791 1531 3855; x_wconf 90' lang='lat' dir='ltr'>siue</span> 
     </span>
     <span class='ocr_line' id='line_1_37' title="bbox 289 3876 1532 3967; baseline -0.002 -23"><span class='ocrx_word' id='word_1_298' title='bbox 289 3901 400 3945; x_wconf 89' lang='lat' dir='ltr'>sermo</span> <span class='ocrx_word' id='word_1_299' title='bbox 421 3881 598 3967; x_wconf 89' lang='lat' dir='ltr'>popularis</span> <span class='ocrx_word' id='word_1_300' title='bbox 618 3901 681 3965; x_wconf 92' lang='lat' dir='ltr'>pro</span> <span class='ocrx_word' id='word_1_301' title='bbox 703 3879 804 3943; x_wconf 89' lang='lat' dir='ltr'>libitu</span> <span class='ocrx_word' id='word_1_302' title='bbox 820 3877 1008 3942; x_wconf 88' lang='lat' dir='ltr'>volentium</span> <span class='ocrx_word' id='word_1_303' title='bbox 1032 3876 1205 3941; x_wconf 85' lang='lat' dir='ltr'>meritorie</span> <span class='ocrx_word' id='word_1_304' title='bbox 1230 3877 1265 3940; x_wconf 93' lang='lat' dir='ltr'>in</span> <span class='ocrx_word' id='word_1_305' title='bbox 1289 3877 1411 3941; x_wconf 87' lang='lat' dir='ltr'>diebus</span> <span class='ocrx_word' id='word_1_306' title='bbox 1434 3900 1532 3964; x_wconf 86' lang='lat' dir='ltr'>para-</span> 
     </span>
     <span class='ocr_line' id='line_1_38' title="bbox 289 3963 1531 4052; baseline -0.002 -21"><span class='ocrx_word' id='word_1_307' title='bbox 289 3988 409 4031; x_wconf 89' lang='lat' dir='ltr'>sceues</span> <span class='ocrx_word' id='word_1_308' title='bbox 438 3989 561 4031; x_wconf 88' lang='lat' dir='ltr'>vacare</span> <span class='ocrx_word' id='word_1_309' title='bbox 586 3965 816 4052; x_wconf 85' lang='lat' dir='ltr'>predicationi</span> <span class='ocrx_word' id='word_1_310' title='bbox 840 3965 1016 4049; x_wconf 87' lang='lat' dir='ltr'>eleganter</span> <span class='ocrx_word' id='word_1_311' title='bbox 1044 3971 1203 4028; x_wconf 86' lang='lat' dir='ltr'>exaratus</span> <span class='ocrx_word' id='word_1_312' title='bbox 1227 3963 1376 4028; x_wconf 80' lang='lat' dir='ltr'>feliciter</span> <span class='ocrx_word' id='word_1_313' title='bbox 1399 3964 1531 4052; x_wconf 88' lang='lat' dir='ltr'>incipit.</span> 
     </span>
     <span class='ocr_line' id='line_1_39' title="bbox 288 4050 1531 4139; baseline -0.001 -22"><span class='ocrx_word' id='word_1_314' title='bbox 288 4054 411 4119; x_wconf 86' lang='lat' dir='ltr'>F14vo</span> <span class='ocrx_word' id='word_1_315' title='bbox 436 4055 501 4119; x_wconf 90' lang='lat' dir='ltr'>col.</span> <span class='ocrx_word' id='word_1_316' title='bbox 520 4066 547 4118; x_wconf 88' lang='lat'>1.</span> <span class='ocrx_word' id='word_1_317' title='bbox 570 4061 651 4139; x_wconf 93' lang='lat' dir='ltr'>post</span> <span class='ocrx_word' id='word_1_318' title='bbox 673 4053 732 4117; x_wconf 92' lang='lat' dir='ltr'>lin.</span> <span class='ocrx_word' id='word_1_319' title='bbox 752 4054 822 4116; x_wconf 78' lang='lat' dir='ltr'>IX:</span> <span class='ocrx_word' id='word_1_320' title='bbox 848 4054 1031 4115; x_wconf 78' lang='lat' dir='ltr'>Sermones</span> <span class='ocrx_word' id='word_1_321' title='bbox 1054 4057 1124 4114; x_wconf 91' lang='lat' dir='ltr'>tres</span> <span class='ocrx_word' id='word_1_322' title='bbox 1148 4052 1190 4114; x_wconf 91' lang='lat' dir='ltr'>de</span> <span class='ocrx_word' id='word_1_323' title='bbox 1213 4050 1374 4136; x_wconf 88' lang='lat' dir='ltr'>passione</span> <span class='ocrx_word' id='word_1_324' title='bbox 1402 4051 1531 4116; x_wconf 87' lang='lat' dir='ltr'>domini</span> 
     </span>
     <span class='ocr_line' id='line_1_40' title="bbox 287 4136 1533 4222; baseline -0.002 -17"><span class='ocrx_word' id='word_1_325' title='bbox 287 4139 396 4205; x_wconf 89' lang='lat' dir='ltr'>nostri</span> <span class='ocrx_word' id='word_1_326' title='bbox 413 4142 436 4207; x_wconf 84' lang='lat' dir='ltr'><strong>J</strong></span> <span class='ocrx_word' id='word_1_327' title='bbox 440 4163 501 4205; x_wconf 89' lang='lat' dir='ltr'>esu</span> <span class='ocrx_word' id='word_1_328' title='bbox 518 4139 635 4204; x_wconf 89' lang='lat' dir='ltr'>christi</span> <span class='ocrx_word' id='word_1_329' title='bbox 649 4139 775 4203; x_wconf 90' lang='lat' dir='ltr'>finiunt</span> <span class='ocrx_word' id='word_1_330' title='bbox 787 4136 944 4202; x_wconf 83' lang='lat' dir='ltr'>feliciter.</span> <span class='ocrx_word' id='word_1_331' title='bbox 960 4137 1138 4222; x_wconf 80' lang='lat' dir='ltr'>Sequitur:</span> <span class='ocrx_word' id='word_1_332' title='bbox 1155 4139 1322 4203; x_wconf 74' lang='lat' dir='ltr'>Troe-lalus</span> <span class='ocrx_word' id='word_1_333' title='bbox 1334 4139 1417 4203; x_wconf 80' lang='lat' dir='ltr'>boati</span> <span class='ocrx_word' id='word_1_334' title='bbox 1429 4139 1533 4204; x_wconf 81' lang='lat' dir='ltr'>Bera-</span> 
     </span>
     <span class='ocr_line' id='line_1_41' title="bbox 288 4223 1533 4310; baseline -0.002 -18"><span class='ocrx_word' id='word_1_335' title='bbox 288 4228 384 4292; x_wconf 72' lang='grc'><strong>10101</strong></span> <span class='ocrx_word' id='word_1_336' title='bbox 396 4230 434 4292; x_wconf 84' lang='lat' dir='ltr'>de</span> <span class='ocrx_word' id='word_1_337' title='bbox 444 4229 577 4310; x_wconf 73' lang='lat' dir='ltr'>plain-la</span> <span class='ocrx_word' id='word_1_338' title='bbox 591 4227 677 4291; x_wconf 82' lang='grc'><strong>10010</strong></span> <span class='ocrx_word' id='word_1_339' title='bbox 693 4228 801 4290; x_wconf 83' lang='grc' dir='ltr'><strong>111ον10</strong></span> <span class='ocrx_word' id='word_1_340' title='bbox 816 4227 958 4307; x_wconf 61' lang='grc'><strong>01001016.</strong></span> <span class='ocrx_word' id='word_1_341' title='bbox 976 4226 1047 4289; x_wconf 80' lang='lat' dir='ltr'>Fre</span> <span class='ocrx_word' id='word_1_342' title='bbox 1065 4225 1159 4289; x_wconf 74' lang='grc'><strong>0012</strong></span> <span class='ocrx_word' id='word_1_343' title='bbox 1172 4247 1178 4287; x_wconf 94' lang='lat'>:</span> <span class='ocrx_word' id='word_1_344' title='bbox 1196 4223 1350 4310; x_wconf 79' lang='lat' dir='ltr'>Explicit</span> <span class='ocrx_word' id='word_1_345' title='bbox 1365 4233 1533 4290; x_wconf 88' lang='lat' dir='ltr'>tractatus</span> 
     </span>
     <span class='ocr_line' id='line_1_42' title="bbox 288 4310 1404 4399; baseline -0.004 -21"><span class='ocrx_word' id='word_1_346' title='bbox 288 4313 382 4378; x_wconf 85' lang='lat' dir='ltr'>beati</span> <span class='ocrx_word' id='word_1_347' title='bbox 397 4313 589 4378; x_wconf 87' lang='lat' dir='ltr'>Bernhardi</span> <span class='ocrx_word' id='word_1_348' title='bbox 607 4314 649 4377; x_wconf 88' lang='lat' dir='ltr'>de</span> <span class='ocrx_word' id='word_1_349' title='bbox 665 4313 807 4399; x_wconf 86' lang='lat' dir='ltr'>planctu</span> <span class='ocrx_word' id='word_1_350' title='bbox 822 4311 1070 4397; x_wconf 87' lang='lat' dir='ltr'>gloriosissime</span> <span class='ocrx_word' id='word_1_351' title='bbox 1086 4312 1194 4375; x_wconf 85' lang='lat' dir='ltr'>Mario</span> <span class='ocrx_word' id='word_1_352' title='bbox 1210 4310 1363 4396; x_wconf 90' lang='lat' dir='ltr'>virginis.</span> <span class='ocrx_word' id='word_1_353' title='bbox 1378 4350 1404 4358; x_wconf 96' lang='lat'><em>-</em></span> 
     </span>
    </p>

    <p class='ocr_par' dir='ltr' id='par_1_7' title="bbox 288 4414 1532 4574">
     <span class='ocr_line' id='line_1_43' title="bbox 340 4414 1532 4486; baseline -0.001 -16"><span class='ocrx_word' id='word_1_354' title='bbox 340 4421 377 4470; x_wconf 83' lang='lat'>4⁰.</span> <span class='ocrx_word' id='word_1_355' title='bbox 400 4418 430 4469; x_wconf 83' lang='lat' dir='ltr'>lo¹</span> <span class='ocrx_word' id='word_1_356' title='bbox 450 4416 478 4469; x_wconf 83' lang='lat' dir='ltr'>ff.</span> <span class='ocrx_word' id='word_1_357' title='bbox 498 4417 514 4468; x_wconf 81' lang='lat'><strong>2</strong></span> <span class='ocrx_word' id='word_1_358' title='bbox 533 4416 651 4470; x_wconf 85' lang='grc'><strong>0011.49</strong></span> <span class='ocrx_word' id='word_1_359' title='bbox 670 4415 699 4469; x_wconf 91' lang='lat' dir='ltr'>ll.</span> <span class='ocrx_word' id='word_1_360' title='bbox 719 4415 762 4469; x_wconf 89' lang='lat' dir='ltr'>ch.</span> <span class='ocrx_word' id='word_1_361' title='bbox 775 4414 865 4485; x_wconf 82' lang='lat' dir='ltr'>goth,</span> <span class='ocrx_word' id='word_1_362' title='bbox 884 4416 948 4468; x_wconf 88' lang='lat' dir='ltr'>sine</span> <span class='ocrx_word' id='word_1_363' title='bbox 961 4414 979 4468; x_wconf 93' lang='lat' dir='ltr'>l.</span> <span class='ocrx_word' id='word_1_364' title='bbox 992 4432 1018 4468; x_wconf 86' lang='lat' dir='ltr'>a.</span> <span class='ocrx_word' id='word_1_365' title='bbox 1033 4420 1062 4469; x_wconf 89' lang='grc'>61</span> <span class='ocrx_word' id='word_1_366' title='bbox 1077 4420 1096 4468; x_wconf 89' lang='grc'>1.</span> <span class='ocrx_word' id='word_1_367' title='bbox 1110 4431 1146 4483; x_wconf 84' lang='grc'>11,</span> <span class='ocrx_word' id='word_1_368' title='bbox 1166 4416 1229 4468; x_wconf 89' lang='lat' dir='ltr'>sine</span> <span class='ocrx_word' id='word_1_369' title='bbox 1243 4421 1317 4468; x_wconf 90' lang='lat' dir='ltr'>cust.</span> <span class='ocrx_word' id='word_1_370' title='bbox 1336 4420 1367 4468; x_wconf 89' lang='grc'>61</span> <span class='ocrx_word' id='word_1_371' title='bbox 1378 4433 1425 4486; x_wconf 93' lang='lat' dir='ltr'>pp.</span> <span class='ocrx_word' id='word_1_372' title='bbox 1445 4434 1532 4483; x_wconf 85' lang='lat' dir='ltr'>num,</span> 
     </span>
     <span class='ocr_line' id='line_1_44' title="bbox 288 4502 484 4574; baseline -0.01 -17"><span class='ocrx_word' id='word_1_373' title='bbox 288 4520 354 4557; x_wconf 89' lang='lat' dir='ltr'>cum</span> <span class='ocrx_word' id='word_1_374' title='bbox 373 4502 484 4574; x_wconf 88' lang='lat' dir='ltr'>sign.&#39;-</span> 
     </span>
    </p>

    <p class='ocr_par' dir='ltr' id='par_1_8' title="bbox 289 4588 1533 4752">
     <span class='ocr_line' id='line_1_45' title="bbox 341 4588 1532 4661; baseline -0.003 -16"><span class='ocrx_word' id='word_1_375' title='bbox 341 4592 451 4660; x_wconf 74' lang='lat' dir='ltr'>(Visum</span> <span class='ocrx_word' id='word_1_376' title='bbox 469 4608 506 4646; x_wconf 82' lang='lat' dir='ltr'>ex</span> <span class='ocrx_word' id='word_1_377' title='bbox 523 4590 655 4645; x_wconf 86' lang='lat' dir='ltr'>biblioth.</span> <span class='ocrx_word' id='word_1_378' title='bbox 672 4598 796 4645; x_wconf 87' lang='lat' dir='ltr'>monast.</span> <span class='ocrx_word' id='word_1_379' title='bbox 813 4590 850 4644; x_wconf 86' lang='lat' dir='ltr'>nd</span> <span class='ocrx_word' id='word_1_380' title='bbox 869 4592 897 4644; x_wconf 85' lang='lat' dir='ltr'>S.</span> <span class='ocrx_word' id='word_1_381' title='bbox 911 4592 1030 4646; x_wconf 88' lang='lat' dir='ltr'>Petrum</span> <span class='ocrx_word' id='word_1_382' title='bbox 1045 4591 1205 4661; x_wconf 85' lang='lat' dir='ltr'>Salishurgi</span> <span class='ocrx_word' id='word_1_383' title='bbox 1225 4588 1381 4661; x_wconf 74' lang='lat' dir='ltr'>exemplar,</span> <span class='ocrx_word' id='word_1_384' title='bbox 1400 4591 1532 4660; x_wconf 76' lang='lat' dir='ltr'>imagini-</span> 
     </span>
     <span class='ocr_line' id='line_1_46' title="bbox 289 4677 1533 4752; baseline -0.002 -18"><span class='ocrx_word' id='word_1_385' title='bbox 289 4681 343 4735; x_wconf 92' lang='lat' dir='ltr'>bus</span> <span class='ocrx_word' id='word_1_386' title='bbox 351 4685 439 4752; x_wconf 86' lang='lat' dir='ltr'>atque</span> <span class='ocrx_word' id='word_1_387' title='bbox 445 4681 557 4752; x_wconf 82' lang='lat' dir='ltr'>passim</span> <span class='ocrx_word' id='word_1_388' title='bbox 567 4679 776 4734; x_wconf 81' lang='lat' dir='ltr'>vocabulorum</span> <span class='ocrx_word' id='word_1_389' title='bbox 789 4678 934 4733; x_wconf 85' lang='lat' dir='ltr'>divisione</span> <span class='ocrx_word' id='word_1_390' title='bbox 943 4679 980 4733; x_wconf 85' lang='lat' dir='ltr'>ab</span> <span class='ocrx_word' id='word_1_391' title='bbox 993 4679 1060 4735; x_wconf 81' lang='lat' dir='ltr'>aliis</span> <span class='ocrx_word' id='word_1_392' title='bbox 1072 4678 1252 4749; x_wconf 84' lang='lat' dir='ltr'>distinctum,</span> <span class='ocrx_word' id='word_1_393' title='bbox 1264 4679 1293 4732; x_wconf 86' lang='lat' dir='ltr'>in</span> <span class='ocrx_word' id='word_1_394' title='bbox 1306 4677 1392 4749; x_wconf 70' lang='lat' dir='ltr'>cnjus</span> <span class='ocrx_word' id='word_1_395' title='bbox 1402 4686 1533 4733; x_wconf 83' lang='lat' dir='ltr'>extrema</span> 
     </span>
    </p>
   </div>
   <div class='ocr_carea' id='block_1_7' title="bbox 0 0 1624 5242">
    <p class='ocr_par' dir='ltr' id='par_1_9' title="bbox 0 0 1624 5242">
     <span class='ocr_line' id='line_1_47' title="bbox 0 0 1624 5242; baseline 0 0"><span class='ocrx_word' id='word_1_396' title='bbox 0 0 1624 5242; x_wconf 95' lang='lat' dir='ltr'> </span> 
     </span>
    </p>
   </div>
  </div>
 </body>
</html>
