3240 5242
181 615 339 681 Adiectio
364 615 570 701 quibusdam
598 616 884 682 meditationibus
912 640 955 681 ex
981 614 1202 681 Bibliotheca
1231 612 1433 680 Victoriana

181 704 303 768 desum
329 703 385 768 tis.
408 703 496 782 Quid
517 703 599 768 huic
616 713 810 790 postremae
827 702 994 768 seditioni
1011 705 1048 787 (i)
1065 700 1260 785 accesserit,
1284 722 1432 786 sequens

181 727 352 855 indicabit
375 791 520 877 pagella.
542 790 715 876 Lugduni,
737 791 828 876 apud
845 790 1036 856 Antonivm
1053 788 1258 875 (iryphivm.
1275 798 1368 853 1587.
1383 791 1429 853 8⁰.

182 887 245 941 853
263 901 321 963 pp.
340 886 374 941 et
388 879 509 943 ludex.
523 917 549 924 -
563 885 631 955 (lb.:
651 886 718 939 Divi
734 886 874 939 Bernardi
888 885 1012 939 Abbatis
1031 883 1068 939 ad
1086 884 1233 938 humanae
1251 882 1429 938 conditionis

185 983 384 1051 cognitionem
403 981 592 1035 meditationes
609 981 828 1050 deuotissimae,
847 998 873 1051 p.
892 980 1031 1034 aaa-350.
1057 978 1151 1033 Semo
1169 978 1269 1033 Sancti
1286 977 1431 1033 Bernardi

187 1068 219 1122 de
232 1069 363 1136 passione
381 1069 498 1123 Domini
515 1086 541 1139 p.
561 1067 710 1138 351-375).
729 1100 755 1107 —

237 1155 388 1222 (Biblioth.
408 1160 514 1227 Argov.
525 1187 552 1196 -
563 1156 660 1210 Bocca
678 1154 770 1210 Catal.
789 1154 911 1210 LXVII.
930 1155 962 1210 N.
981 1154 1041 1210 494.
1052 1186 1076 1193 -
1089 1153 1239 1209 Parennbs
1256 1153 1312 1208 111.
1331 1152 1390 1208 224.
1404 1183 1431 1193 -

189 1241 244 1295 Vis.
263 1258 299 1295 ex
319 1242 450 1299 biblioth.
469 1243 557 1314 palat.
575 1242 745 1313 Monac).—

240 1363 316 1432 683.
326 1404 368 1412 -
382 1365 429 1450 (S.
438 1366 657 1434 Bernartius.
668 1365 722 1446 —)
740 1367 881 1447 Querela,
896 1365 969 1430 siue
981 1364 1151 1450 Dialogus
1164 1364 1297 1429 animae
1311 1371 1346 1429 et
1358 1385 1432 1430 cor·

182 1450 276 1536 poris
293 1451 456 1531 damnati,
478 1459 618 1517 auctore
636 1452 865 1530 S.Bernarc10‚
890 1474 992 1537 quem
1011 1475 1073 1538 per
1091 1458 1300 1517 nocturnum
1319 1450 1432 1516 visum

183 1537 419 1624 composuisse
436 1538 572 1603 dicitur.
599 1538 663 1605 Oui
680 1538 789 1602 additi
806 1549 888 1604 eunt
902 1539 1035 1624 aliquot
1049 1540 1188 1623 rhythmi
1204 1540 1242 1604 de
1256 1543 1431 1620 contempta

181 1626 302 1689 mundi.
320 1626 462 1709 Romae,
478 1626 583 1711 Apud
600 1626 624 1691 J
626 1625 774 1691 acobum
787 1626 1025 1691 Ruffinellum.
1045 1636 1138 1691 1587.
1158 1630 1223 1691 1⁸2⁰.
1244 1637 1282 1691 10
1302 1639 1340 1702 -Ι-
1358 1624 1429 1690 eff.

182 1735 215 1775 n.
231 1734 359 1777 numm.
371 1751 398 1760 -

237 1814 316 1882 (Not.
336 1832 373 1869 ex
392 1816 523 1872 biblioth.
543 1822 668 1873 monast.
688 1818 787 1872 Eremi
805 1817 838 1873 Β.
858 1817 896 1872 M.
916 1816 1007 1889 V.).-

236 1937 311 2005 684.
325 1978 366 1986 -
380 1941 541 2023 (Moneta
555 1945 582 2005 et
599 1942 802 2027 Tempesta.
815 1940 871 2021 —)
895 1939 970 2004 Vr'ta
986 1945 1014 2004 et
1029 1940 1186 2004 miracala
1202 1938 1245 2003 D.
1257 1938 1432 2017 Bernardi,

184 2025 449 2091 Ularavallensis
465 2027 613 2092 Abbatis
630 2028 744 2114 Opera
765 2035 801 2091 et
820 2026 991 2091 indust-ria
1011 2025 1300 2111 Congregationis
1315 2027 1369 2090 Re
1397 2050 1432 2090 u-

182 2112 264 2176 laris
273 2112 521 2179 Observantiae
530 2115 683 2179 eiusdem
693 2114 939 2200 Hispaniarum
947 2114 1002 2177 Ad
1012 2114 1169 2178 alendam
1178 2048 1433 2178 Pietatemtini-

182 2199 273 2263 versi
288 2199 426 2265 Ordinis
449 2201 688 2266 Cisterciensis
707 2200 836 2265 Aeneis
855 2200 1005 2285 i'ormie¹)
1027 2223 1069 2264 ex
1095 2222 1198 2265 ressa.
1222 2200 1307 2265 Pars
1328 2200 1432 2286 prior.

184 2286 354 2372 Impensis
370 2287 525 2353 Marcelli
543 2288 656 2354 Clodii
672 2287 897 2353 Incidebatur
911 2289 1053 2354 Romae.
1115 2287 1341 2352 .D.LXXX.
1356 2287 1432 2353 VH.

185 2374 321 2440 Ibamus
335 2376 479 2453 Mondo;
491 2377 649 2441 Antonius
663 2377 850 2458 Tempestin.
862 2376 1029 2459 Invent.²)
1042 2374 1118 2439 Fal.
1130 2384 1180 2439 56.
1189 2373 1284 2439 tabb.
1295 2375 1432 2459 (Narra-

184 2459 312 2525 tionem
336 2484 449 2525 rerum
461 2502 494 2509 —
508 2463 542 2526 ni
567 2463 717 2528 fallimur
731 2502 756 2509 —
771 2462 906 2526 addidit
918 2462 1107 2527 Bernartius
1125 2462 1298 2538 Gutierrez,
1315 2483 1433 2527 mona·

184 2548 268 2612 chus
284 2549 471 2632 Hortarius,
494 2558 567 2613 turn
587 2550 752 2700 temporis
774 2549 1054 2635 congregationis
1074 2548 1250 2635 Hispanae
1270 2570 1433 2636 procura·

184 2644 238 2699 tor
251 2673 277 2682 -
291 2635 463 2720 generalis
479 2636 515 2700 in
530 2636 635 2701 Curia
682 2640 831 2720 omarra).
844 2675 877 2684 -

235 2740 291 2808 (De
311 2757 369 2810 quo
389 2757 477 2810 opere
493 2741 646 2810 t'r'copnara
665 2744 693 2795 in
712 2742 801 2795 libro:
822 2741 982 2811 „catalogo
996 2740 1163 2811 Regionato
1177 2740 1223 2795 dei
1236 2740 1317 2794 Libri
1330 2738 1433 2794 d'Arte

185 2834 215 2879 ct
230 2825 417 2881 d'Antichitri.
437 2828 513 2882 Pisa.
531 2828 671 2899 Capurro,
692 2830 784 2898 law,
803 2829 841 2882 ll.
857 2828 918 2899 369,
936 2831 979 2883 ita
996 2830 1110 2884 scribit:
1131 2829 1233 2900 „Molti
1250 2828 1432 2897 intagliatori

185 2911 232 2966 dei
251 2916 336 2984 primi
356 2914 463 2968 ebbero
483 2917 613 2986 partein
633 2923 739 2985 questo
758 2915 868 2969 lavoro.
896 2916 1008 2971 Alcune
1028 2916 1128 2971 tavole
1149 2916 1256 2970 fur-ono
1277 2914 1431 2985 intagliate

184 2998 221 3052 da
234 3001 345 3054 Altrrto
358 3002 506 3055 Cherubim
519 3001 547 3055 di
560 3002 657 3072 Borgo
672 3002 699 3056 S.
713 3000 861 3072 Sepnlcro,
874 3002 949 3056 altre
962 3001 1000 3056 da
1014 3002 1140 3072 Rasaetle
1154 3002 1250 3069 Gauii,
1263 3003 1317 3056 che
1329 3002 1432 3056 lavoro

185 3086 261 3140 sulio
279 3087 347 3142 stile
360 3087 406 3142 dei
423 3088 565 3157 Oarrami,
584 3090 658 3143 altro
674 3089 712 3143 da
728 3090 844 3158 lilippo
861 3089 943 3144 Gall!
959 3107 975 3143 e
993 3089 1041 3143 dal
1060 3108 1115 3144 suo
1134 3090 1213 3159 figlio
1233 3091 1360 3144 Cornelio
1379 3089 1432 3144 che

185 3180 271 3228 stava
290 3192 358 3229 seco
379 3179 407 3229 in
428 3177 495 3247 quel
515 3184 612 3248 tempo
633 3177 799 3231 alternae
818 3179 1033 3232 incominciava
1051 3196 1069 3232 a
1087 3176 1226 3232 studiare.
1252 3177 1350 3247 Opera
1368 3193 1430 3231 ese·

186 3265 270 3330 guita
288 3281 342 3317 con
360 3264 542 3333 grandiositd
561 3264 588 3316 di
608 3266 712 3327 stile“l.
726 3298 748 3304 —

236 3351 381 3417 (Bouvart
400 3350 484 3419 {Acta
502 3351 551 3406 SS.
571 3351 620 3405 IV.
640 3353 713 3421 Aug.
732 3353 802 3419 2521.
820 3386 843 3391 -
861 3352 953 3409 Catal.
972 3354 1050 3407 Hist.
1070 3351 1105 3405 de
1125 3352 1153 3405 la
1171 3350 1282 3404 Franco
1301 3351 1354 3404 ix.
1372 3350 1431 3405 305.

187 3437 220 3491 N.
244 3437 306 3490 ltitl
317 3438 352 3506 *t
368 3468 392 3476 -—
410 3437 566 3491 chevalier
584 3440 644 3492 280.
661 3470 685 3477 -
702 3439 828 3507 Gaudia,
852 3439 1012 3508 Tittologic
1031 3440 1090 3492 390.
1116 3438 1149 3491 N.
1168 3436 1236 3490 2933
1256 3437 1316 3503 [ubi
1335 3452 1431 3491 annus

192 3526 257 3577 laea
277 3524 401 3595 legirurl.
416 3558 435 3563 --
455 3526 531 3578 Hist.
550 3526 621 3579 Litt.
640 3525 676 3580 do
695 3526 723 3580 la
742 3526 854 3580 Franco
872 3526 958 3580 XIII.
981 3526 1037 3579 130.
1051 3524 1129 3578 -Le
1148 3524 1240 3592 Long,
1259 3523 1333 3576 Bibl.
1353 3522 1431 3577 Hist.

186 3611 221 3666 N.
232 3612 316 3673 toth
330 3611 372 3664 Lo
384 3612 623 3679 herig-l'orrtetto
636 3614 669 3667 N.
683 3614 773 3667 13051.
784 3645 808 3652 -
818 3613 946 3667 Milsand
956 3614 997 3667 25.
1009 3644 1034 3651 —
1042 3611 1150 3681 Mniriz‚
1163 3610 1237 3664 Bibl.
1252 3609 1323 3665 cist.
1339 3610 1396 3665 159.
1406 3640 1433 3649 -

187 3696 336 3751 Per-onnes
347 3698 396 3751 lV.
407 3700 465 3754 286.
474 3699 604 3768 -Βυεεί,
616 3700 754 3754 Bibliotlr.
764 3700 893 3754 Borbon.
904 3700 1028 3754 1.306.-
1037 3699 1101 3752 Not.
1112 3714 1148 3751 ex
1159 3686 1290 3751 biblioth.
1301 3698 1430 3751 univers.

186 3784 318 3851 Bononn.
329 3816 354 3824 -

238 3872 270 3925 N.
294 3873 313 3926 l.
336 3874 437 3928 Horat..
458 3874 493 3925 dc
513 3873 660 3928 Marinarii
682 3876 795 3929 l'orrnis
814 3874 936 3930 Romae.
954 3908 977 3913 -
994 3875 1027 3928 N.
1045 3877 1070 3928 2.
1095 3871 1215 3942 Scalpro
1234 3871 1253 3925 J
1258 3871 1307 3924 ulii
1328 3870 1431 3924 Roscii

187 3961 313 4015 Hortini.
331 3994 354 4000 —
373 3962 406 4017 N.
427 3963 451 4017 3.
476 3963 540 4027 Quo
556 3963 624 4031 jure
644 3981 718 4033 opus
738 3961 808 4016 illud
828 3962 864 4015 ad
883 3980 949 4016 arm.
972 3961 1037 4014 1597
1056 3959 1201 4031 (Classius
1220 3958 1243 4011 l.
1263 3959 1311 4015 ttl;
1336 3957 1431 4010 Drau-

185 4046 259 4113 dius,
278 4049 351 4102 Bibl.
367 4050 459 4103 Closs.
473 4050 535 4119 itai)
555 4057 585 4103 ot
604 4050 669 4103 1598
681 4050 834 4119 (lriporrius
849 4050 869 4104 l.
886 4049 946 4119 144)
965 4048 1116 4114 retinetur,
1135 4047 1298 4105 nescimus;
1319 4050 1432 4115 partem

187 4136 251 4205 ojus
271 4139 466 4205 postoriororrr
486 4143 548 4189 tum
567 4139 709 4206 temporis
728 4136 837 4189 editam
857 4154 924 4189 csse
941 4135 1045 4187 nullibi
1065 4135 1232 4202 legimus-

728 4314 766 4379 A.
781 4316 887 4379 1588:

240 4452 336 4516 tttt'r.-
364 4491 369 4496 -
386 4454 423 4518 D.
441 4453 618 4519 Bernardi
643 4448 778 4514 abbatis
802 4448 1058 4513 rrlarevallorrsis
1082 4446 1235 4513 ‹litat-oris
1254 4443 1432 4509 Ecclesiae

186 4538 339 4602 melliflui
349 4540 499 4619 tripes-itio
513 4541 544 4600 in
558 4542 571 4595 t
574 4538 691 4602 ‘'rrrrtira
701 4542 714 4597 t
717 4538 912 4601 tintinnum.
924 4537 1023 4599 Nunc
1038 4536 1185 4621 primum
1194 4558 1231 4598 se
1244 4530 1379 4598 raratim
1389 4529 1432 4596 ab

188 4624 265 4709 alijs
286 4624 394 4710 ipsius
415 4623 577 4709 operibus
598 4624 701 4705 erlita,
722 4622 849 4687 additis
865 4622 1001 4687 duobus
1017 4623 1201 4705 indicibus,
1220 4556 1327 4684 altero
1343 4616 1433 4682 Sori-

185 4719 307 4797 pturac
331 4713 485 4775 locorum
509 4710 637 4798 passim
658 4708 904 4795 expositorrrrrr‚
930 4710 1038 4773 altero
1059 4732 1171 4773 rerum
1194 4705 1432 4790 insigniorum.
