3240 5242
658 397 712 495 ,in

73 570 203 637 sanctis
217 622 225 636 .
239 578 275 637 et
298 594 403 658 super
427 571 562 637 cantica
585 571 798 636 cantieorum
822 570 990 656 Aliosque
1013 571 1129 681 plures
1154 572 1228 639 eius
1251 596 1320 639 sor-

71 680 190 724 mones
203 666 238 723 et
250 661 422 725 sententias
433 682 601 744 nusquam
615 659 783 724 haetenus
795 659 989 745 impressas.
1002 660 1168 724 Eiusdem
1180 660 1322 749 insuper

71 745 1000 831 epistolas.ceteraquevaiuorsaeiusopasrala.Domini
1011 768 1148 831 quoquo
1159 749 1322 814 (silicara

72 832 209 897 abbatis
223 833 265 897 de
274 833 464 898 lloilandia
475 833 511 896 in
520 833 648 918 Anglia
660 832 822 919 prelibati
836 832 975 897 Ordinis
988 856 1092 919 super
1105 834 1240 900 cantica
1252 858 1321 900 ser·

71 941 203 984 mones.
217 919 341 985 Omnia
353 920 542 984 seeundum
556 920 678 984 seriem
691 919 748 983 hic
762 919 905 984 inferius
919 928 1119 985 annotatam
1133 922 1320 988 collocata.

71 1006 260 1091 vigilanter
279 1014 314 1071 et
334 1015 495 1072 accurate
517 1030 620 1093 super
636 1005 873 1071 vetustissima
889 1007 1091 1073 Olareuallis
1111 1030 1209 1072 exem
1235 1009 1322 1074 laria

72 1094 230 1180 apprime
247 1102 412 1159 correcta.
430 1094 517 1179 (sub
531 1117 598 1178 qui.)
615 1094 717 1158 titulo
734 1092 870 1177 insigne
888 1117 965 1158 cum
982 1094 1193 1171 nominibus)
1206 1032 1321 1161 iehan

71 1181 175 1246 Petit.
200 1181 298 1265 libs)
320 1181 470 1267 Operum
494 1190 597 1265 atquc
622 1182 844 1245 'l'ractatuum
869 1181 978 1245 saneti
1003 1181 1172 1245 Bernardi
1196 1182 1231 1245 in
1254 1182 1321 1248 hoc
1352 1219 1355 1223 v

72 1268 250 1349 volumine
269 1277 510 1333 contentorum
531 1269 646 1332 series.
670 1269 722 1343 tln
746 1269 814 1331 fine:
832 1292 909 1354 pag.
920 1276 941 1352 :)
958 1268 1107 1332 Venales
1128 1268 1234 1333 habes
1256 1269 1320 1334 sub

70 1356 173 1420 leone
191 1363 357 1439 argenteo
373 1355 450 1419 Vici
469 1355 540 1419 diui
557 1354 694 1420 iacobi.

122 1458 146 1511 F
158 1462 211 1512 lvo
225 1458 291 1519 (sub
303 1474 411 1527 magna
423 1459 508 1511 icone
521 1458 553 1510 B.
567 1457 677 1511 Mariae
688 1458 727 1523 V.,
741 1457 778 1510 nd
791 1458 876 1527 eujus
889 1457 1023 1511 ‹lextram
1042 1461 1070 1511 S.
1083 1458 1262 1529 Bernardus,
1281 1458 1319 1513 ad

71 1547 224 1600 sinistram
246 1562 316 1599 vero
338 1545 365 1599 S.
387 1544 548 1599 Malachiae
570 1552 600 1598 ct
622 1546 728 1599 subtus
748 1544 861 1613 aliquot
879 1545 1040 1605 monachii:
1060 1545 1105 1599 Ad
1124 1545 1263 1599 lectorem
1283 1546 1319 1601 do

71 1632 186 1687 adiecta
203 1633 272 1686 huic
291 1634 372 1703 operi
392 1632 452 1685 divi
471 1631 613 1685 Beruardi
633 1632 856 1701 vitaprelatio.
874 1632 936 1684 Fa:
954 1632 1084 1686 Pretirtio
1103 1632 1213 1686 domini
1231 1633 1320 1687 Alani

71 1719 209 1773 monaehi
222 1718 440 1774 clareuallis.et
452 1724 557 1789 postea
568 1718 819 1773 altissiodorensis
833 1721 963 1789 episcopi
980 1721 1011 1773 iu
1024 1721 1115 1773 vitam
1134 1722 1229 1773 sancti
1247 1721 1318 1775 Ber·

71 1805 154 1860 nardi
168 1806 293 1860 abbatis.
305 1806 362 1859 Ia:
375 1805 484 1876 Incipit
496 1807 566 1859 vita.
580 1806 664 1865 (Post
677 1805 745 1874 alia)
759 1806 781 1857 F
792 1806 835 1859 13:
847 1806 915 1860 Vita
924 1808 1019 1860 sancti
1029 1806 1171 1860 Malachie
1182 1808 1320 1877 episcopi.

72 1890 194 1945 Parvo:
216 1890 338 1946 'I'abella
359 1890 545 1961 particularis
563 1891 747 1959 singulorum
766 1909 943 1945 sermonum.
962 1892 1109 1963 (CLXXI)
1128 1892 1218 1947 huius
1237 1894 1320 1947 volu·

71 1982 168 2035 minis.
181 1979 300 2032 Parvo:
314 1978 457 2049 Epistola.
472 1979 594 2032 Iudaeas
608 1980 781 2032 (lliclitoueas
798 1979 1032 2049 Necportuensis
1052 1981 1184 2051 benignis
1204 1981 1319 2035 lectori·

71 2066 126 2121 bus
146 2067 279 2121 Salutem
297 2066 503 2133 qGommendat
520 2066 596 2119 hanc
608 2064 786 2133 editionem).
800 2068 951 2137 Sequitur:
973 2068 1147 2121 Exhortatio
1160 2068 1197 2122 ad
1211 2070 1319 2123 militas

71 2153 182 2225 templi.
196 2154 298 2208 Sermo
312 2153 526 2207 exhortationis
540 2152 576 2205 ad
590 2153 719 2208 elericos
735 2155 819 2217 (Post
828 2170 845 2221 :j-
859 2156 1016 2209 Semnones
1035 2155 1102 2209 duo.
1122 2156 1211 2211 Dein:
1232 2157 1320 2211 l'arvi

71 2258 224 2295 sermones
236 2259 358 2296 numero
372 2242 477 2295 LXVI.
491 2242 594 2294 Plures
608 2240 734 2294 morales
749 2250 779 2294 et
792 2241 880 2295 iitilcs
891 2242 1043 2295 Sententie
1052 2260 1174 2295 nurnero
1186 2242 1320 2299 CCXIII.

71 2329 230 2383 Sermones
243 2346 332 2399 super
344 2331 459 2383 cantica
469 2330 657 2383 canticorum.
677 2328 811 2397 Epistole
824 2346 946 2382 numero
960 2328 1067 2383 COOl..
1087 2328 1132 2382 De
1146 2329 1319 2383 Oarisidera·

71 2417 152 2469 tione
165 2415 194 2469 ll.
208 2416 242 2471 V.
254 2415 300 2469 Do
312 2418 408 2485 gratia
421 2424 452 2469 ot
465 2415 555 2468 libero
569 2416 699 2470 arbitrio,
712 2415 757 2469 De
767 2422 906 2486 precepto
919 2424 949 2469 et
958 2416 1187 2487 disponsatione.
1202 2416 1246 2469 De
1257 2415 1321 2468 dili-

71 2502 168 2573 gendo
181 2503 256 2557 Deo.
270 2504 372 2558 Sermo
386 2503 422 2557 de
435 2504 584 2557 charitato.
601 2504 645 2557 lle
657 2503 796 2572 gradihus
809 2504 993 2558 humilitatis.
1006 2503 1052 2558 Ad
1066 2504 1250 2557 Willermum
1270 2504 1320 2558 ab·

73 2590 170 2644 batem
181 2590 335 2660 Apologia
349 2589 588 2645 Declamat-ioues
601 2608 691 2660 super
704 2589 858 2659 cvangelio
871 2591 946 2643 ane
959 2608 1015 2644 nos
1028 2589 1199 2660 reliquimus
1213 2592 1320 2645 omnia.

72 2678 117 2732 De
130 2680 194 2731 vita
207 2678 341 2732 solitaria
353 2677 391 2731 ad
404 2679 510 2732 iratres
523 2678 560 2731 de
578 2687 680 2731 urente
698 2677 752 2730 dci,
773 2676 989 2731 Meditatioues.
1009 2677 1054 2731 Dc
1075 2679 1204 2731 interiori
1224 2677 1321 2731 domo.

71 2763 116 2820 De
136 2764 238 2819 ordine
258 2768 326 2819 vite.
341 2765 385 2819 Do
398 2766 478 2819 scala
491 2765 701 2819 claustralium.
715 2763 855 2817 Fonnula
867 2764 991 2818 honeste
1005 2766 1074 2818 vite.
1089 2763 1246 2833 Speculum
1259 2782 1321 2817 mo·

71 2852 241 2906 nachorum.
255 2852 340 2917 (Feli.
360 2870 469 2906 numm.
488 2854 549 2905 337.
569 2856 740 2922 Sequuntur
758 2854 882 2906 seorsim
901 2853 1049 2922 impressi)
1069 2853 1252 2921 „Sermones
1272 2854 1322 2922 qui

72 2944 170 2993 tamen
184 2956 243 2992 uon
257 2957 275 2992 a
287 2947 389 2992 nostro
402 2938 552 2992 Bernarda
567 2940 637 2992 odiu
650 2940 785 2992 l'uerunt“
800 2938 943 2999 noanon
962 2957 1071 2992 numm.
1084 2942 1127 3008 rt,
1147 2940 1175 2991 in
1196 2957 1321 3009 quorum

72 3028 130 3080 line
139 3027 213 3080 haee
224 3027 361 3096 leguntur
369 3044 385 3093 ²)
396 3026 504 3079 Deuoti
519 3026 709 3096 mellilluique
719 3026 849 3080 doctoris
862 3026 921 3079 diui
935 3025 1076 3079 Bernardi
1088 3026 1261 3081 Clareuallis
1272 3027 1321 3079 ab·

73 3112 157 3181 batis,
169 3114 310 3181 seraphiae
323 3116 433 3183 scripta
445 3114 669 3182 diligentissimo
688 3132 754 3166 eum
773 3114 941 3183 archetypis
961 3113 1136 3168 bibliothece
1155 3113 1321 3167 clareuallis

71 3218 89 3251 c
102 3201 267 3269 quibusdam
285 3201 402 3254 eiusdem
417 3202 514 3254 doricus
532 3201 672 3254 riicuacbis
689 3200 845 3254 cawuduta:
862 3212 952 3270 atque
972 3202 1012 3253 ita
1031 3201 1194 3269 recognita:
1213 3210 1245 3252 ut
1264 3217 1321 3270 que

72 3306 142 3341 vora
154 3290 249 3358 ipsius
260 3290 405 3342 auetoris:
419 3305 534 3357 queque
547 3290 709 3358 ascriptitia
722 3290 832 3341 luerint
845 3288 937 3341 lector
950 3306 1038 3358 quam
1056 3287 1194 3341 i'aeillimo
1213 3306 1319 3357 agnos-

72 3382 119 3429 cat
137 3382 327 3445 (quamquam
346 3394 381 3428 ea
399 3382 424 3428 et
445 3375 560 3444 phrasis
574 3382 603 3429 et
616 3378 738 3445 spiritus
751 3394 786 3427 ae
799 3377 843 3429 vis
856 3374 968 3429 dicendi
984 3376 1069 3429 facile
1082 3382 1228 3439 secernat)
1242 3393 1320 3429 nuuc

73 3462 190 3517 demum
205 3465 234 3515 in
253 3464 395 3532 optinunn
416 3464 502 3514 vuius
523 3462 631 3515 codicis
650 3462 753 3532 palat-i
772 3462 869 3531 palam
888 3464 1027 3531 cernitur)
1045 3464 1170 3515 liu-unua
1189 3462 1321 3516 redacta:

72 3550 234 3620 sedulaque
246 3568 280 3603 ac
293 3549 424 3617 diligenti
439 3567 509 3602 cura
518 3556 549 3602 ct
558 3551 702 3601 industria
711 3551 843 3613 nragistri
854 3549 969 3603 Andree
981 3549 1105 3603 Boeardi
1116 3552 1169 3603 viri
1181 3550 1323 3603 bonarum

72 3641 177 3692 artium
191 3637 396 3691 eruditissimi:
411 3644 440 3690 ct
452 3638 524 3689 art-is
537 3638 724 3706 impresseris
739 3638 923 3705 peritissimi:
938 3638 1079 3707 impensis
1091 3646 1191 3690 autem
1204 3636 1322 3691 honesti

73 3728 125 3779 riri
134 3726 283 3781 Iohannis
294 3726 391 3794 parui:
405 3724 481 3777 abne
493 3725 694 3778 ruiuersitatis
706 3724 880 3777 l’arisiensis
892 3723 1049 3794 bibliopola
1060 3726 1146 3777 iurati
1156 3724 1320 3793 insignibus

72 3812 290 3867 characteribus
305 3813 483 3880 fidelissimo,
496 3812 531 3865 ad
547 3812 662 3865 laudem
675 3811 721 3865 dei
732 3811 893 3881 christique
905 3811 1033 3865 lidolium
1046 3812 1216 3865 vtilitateni:
1229 3811 1321 3881 pridie

73 3900 211 3955 calendas
219 3902 335 3970 apriles.
346 3902 432 3953 Auno
441 3900 802 3953 iucarnationisdominice
810 3899 966 3953 lllillesirno
978 3900 1321 3970 quingentesimooctauo

73 3993 245 4059 exoptatum
267 3990 373 4041 sortita
395 3994 465 4041 suut
486 3988 742 4056 complementum.
759 4015 786 4024 ·—
801 3989 901 4055 seqq:
924 3988 1141 4056 Descriptio
1165 3986 1321 4055 positionis

74 4075 250 4131 Clareuallis
270 4080 301 4128 et
313 4074 428 4127 'l'aiuda
447 4076 492 4143 (rb
505 4074 532 4128 ll'.
547 4092 573 4127 u.
589 4076 716 4143 numm.).
739 4073 848 4125 liciioti
867 4075 958 4143 patris
978 4073 1088 4125 doniini
1105 4071 1249 4141 gilleberti
1271 4072 1320 4125 ab·

73 4162 149 4217 batis
163 4169 239 4229 (etc.)
253 4164 411 4216 Semnones
425 4162 573 4229 (XLVIII)
588 4178 677 4231 super
690 4162 803 4214 cantica
817 4162 996 4214 cantieorum
1007 4160 1043 4213 ab
1058 4178 1093 4213 eo
1104 4159 1176 4213 loeo,
1188 4176 1245 4227 quc
1257 4158 1321 4211 bea·

73 4256 121 4305 tus
134 4250 304 4304 Beruardus
318 4260 412 4303 morte
427 4255 587 4319 preventus
602 4251 724 4316 linierat,
740 4247 920 4317 insequendo
934 4248 970 4302 de
988 4249 1081 4301 ricino
1103 4244 1234 4299 eiusdem
1254 4245 1321 4298 Ber·

72 4337 154 4392 nardi
173 4338 309 4407 spiritum
329 4344 359 4389 et
377 4337 485 4391 stilum.
505 4344 582 4400 (eum
601 4335 702 4388 tabula
721 4336 748 4390 ll'.
761 4336 795 4386 45
816 4335 1063 4395 rioririiirrn11.t.lrr
1078 4332 1321 4387 tino:Ilichcrdua

72 4425 235 4479 monachus
246 4423 281 4477 dc
293 4424 481 4477 Grandisilua
490 4421 856 4476 diocesis'I'holosanensis
867 4420 977 4475 ordinis
988 4420 1193 4475 cisterciensis
1203 4434 1320 4473 carmon

73 4512 108 4567 de
120 4511 209 4566 laudo
222 4511 411 4565 Clareuallis:
431 4518 461 4563 ct
473 4510 509 4564 do
524 4510 660 4578 religiosa
674 4508 780 4562 ibidem
793 4507 947 4577 disciplina
959 4508 1021 4575 (i'ol.
1034 4508 1107 4559 liro
1121 4516 1151 4559 ct.
1162 4504 1240 4573 ltro,
1258 4520 1319 4557 non

72 4606 201 4661 nunaut.
215 4599 292 4654 Sunt
304 4601 402 4668 itaque
416 4598 489 4653 l'oll.
503 4598 554 4649 313?
568 4615 676 4649 nunun.
691 4602 721 4649 st
736 4596 784 4647 lla
798 4613 856 4648 non
870 4612 987 4663 uiuum,
997 4596 1026 4646 in
1040 4610 1145 4648 summ.
1153 4591 1241 4646 45611.
1252 4608 1319 4647 curu

72 4689 155 4758 siga,
168 4688 234 4742 sine
247 4692 320 4740 cust,
334 4685 396 4739 Fal.
410 4684 518 4743 (Editio
532 4686 769 4756 speciosissima).
779 4714 805 4723 -
