3240 5242
793 376 947 472 niu

246 565 332 717 {itii
355 565 419 740 the)
439 565 560 630 Golden
577 566 689 646 epistel
708 565 746 649 of
759 571 854 649 scyut
875 565 1041 631 Baruard.
1059 565 1231 654 (London,
1248 564 1347 653 impr.
1361 565 1496 632 Robert

281 675 299 717 e
325 675 405 717 man
423 690 476 716 .-

302 756 355 811 120.
374 773 397 813 s.
417 774 442 811 a.
456 758 544 828 (inter
555 774 622 812 ann.
638 754 809 813 1523-1540.
819 757 972 828 -Dibdin,
985 758 1057 829 Typ.
1070 758 1169 828 Antiq.
1182 757 1237 812 111.
1250 757 1310 811 244.
1322 757 1359 813 N.
1373 758 1460 829 1094).
1470 790 1496 799 -

789 954 829 1019 A.
852 954 959 1021 1540:

301 1100 377 1169 486.
391 1140 423 1148 -
441 1099 525 1164 Diui
534 1099 699 1165 Brruurdi
712 1100 848 1166 abbatis
862 1100 1080 1166 Olarcuallis:
1097 1101 1227 1166 ordinis
1238 1101 1494 1167 (listerciensiffi

248 1187 401 1255 doctoris
415 1186 633 1251 disertissimi
647 1211 686 1252 ac
699 1211 779 1252 vere
792 1187 958 1271 melliflui,
975 1211 1070 1270 opero
1085 1191 1211 1254 cornio:
1226 1189 1342 1253 diuine
1359 1190 1495 1254 institu-

247 1275 352 1341 tionis
362 1273 599 1339 refertissima:
614 1275 828 1340 accuratiore
841 1297 985 1340 censura
997 1275 1065 1339 iam
1079 1276 1191 1341 denuo
1205 1276 1384 1359 recognita
1393 1284 1495 1361 atquo

247 1362 409 1448 reposita.
434 1363 563 1426 Rerum
585 1384 624 1426 ac
647 1368 856 1427 tractatuum
877 1362 1000 1426 seriem
1021 1371 1056 1427 et
1076 1363 1282 1445 catalogum,
1307 1386 1455 1449 sequens
1477 1386 1496 1427 a

248 1456 347 1535 tergo
364 1448 493 1535 pagina
508 1449 804 1514 commonstrabit.
827 1449 988 1533 (Signum
1004 1450 1216 1536 typographi
1232 1473 1308 1514 cum
1323 1450 1495 1537 subscrip-

248 1536 361 1603 tione:
380 1536 417 1601 O.
435 1535 651 1616 chevallon).
668 1535 821 1620 Parisiis,
837 1537 942 1622 Apud
960 1537 1143 1602 Claudium
1158 1537 1435 1620 Oheuallonium,
1452 1538 1494 1602 ad

248 1623 385 1708 insigne
402 1622 493 1687 Solis
511 1623 615 1703 airrei,
632 1622 667 1686 in
687 1623 742 1687 via
757 1623 780 1688 J
784 1623 923 1689 asrobea.
943 1634 1035 1689 1540.
1047 1663 1081 1671 -

301 1726 364 1781 Fol.
375 1727 408 1778 30
419 1727 447 1781 ff.
459 1725 546 1795 prael.
559 1744 585 1780 6.
597 1744 716 1793 numm,
726 1726 777 1778 290
787 1728 814 1782 ff.
825 1745 934 1781 numm.
943 1728 1094 1782 Gillcberti
1105 1727 1141 1781 dc
1151 1728 1310 1782 Hoilandia
1321 1729 1494 1798 „Sermones

247 1830 337 1884 super
350 1812 473 1868 Cantica
485 1814 691 1882 cantieorum,
705 1813 739 1866 311
754 1814 782 1867 ll'.
796 1832 904 1868 numm
922 1822 952 1868 et
964 1815 980 1866 2
995 1816 1022 1869 ll‘.
1041 1833 1067 1868 6.
1080 1833 1189 1868 66666.
1205 1816 1280 1884 Vita,
1294 1815 1493 1881 canonizatio,

248 1901 427 1970 epigramma
445 1917 498 1954 seu
510 1901 699 1972 epitaphium
718 1902 746 1957 S.
766 1902 920 1959 Bcnrnrdi:
940 1903 1078 1956 Nicolaus
1098 1902 1283 1972 Haqueuille,
1303 1902 1339 1955 de
1359 1903 1493 1958 laudibus

246 1986 388 2041 Beruardi
405 1994 435 2041 ct
450 1990 610 2042 situations
625 1988 806 2045 Olureuallis.
821 1991 890 2044 Vita
902 1990 929 2045 S.
943 1989 1087 2044 Muluchie
1104 1998 1134 2043 ct
1151 1990 1253 2043 Sermo
1267 1990 1295 2045 S.
1309 1990 1449 2045 Beruardi
1466 1994 1494 2045 in

246 2077 411 2131 iestiuitatc
425 2077 564 2132 ciusdem.
579 2077 680 2132 Sermo
691 2077 718 2132 S.
729 2078 868 2131 Beruardi
879 2076 915 2131 de
929 2080 1066 2147 passione
1076 2076 1194 2131 domini.
1208 2077 1344 2131 lticlrardi
1359 2078 1493 2131 monachi

247 2163 283 2219 de
296 2162 486 2220 Grandisilua
497 2162 625 2217 diocesis
637 2163 869 2219 'Pholosanonsis
884 2164 994 2218 ordinis
1008 2164 1214 2219 Cistcrciensis
1228 2183 1343 2218 carmen
1358 2165 1393 2219 (16
1406 2165 1492 2219 laude

248 2250 431 2319 cleronome,
442 2249 513 2304 etde
521 2250 660 2319 religiosa
668 2250 774 2304 ibidem
782 2250 943 2321 disciplina.
951 2284 974 2289 -
983 2252 1016 2304 :³2
1025 2253 1058 2313 ll';
1066 2269 1192 2306 summa:
1202 2252 1253 2304 3119
1262 2253 1289 2304 ll'.
1297 2252 1378 2320 goth.
1390 2252 1494 2305 (Flvo:

247 2337 837 2408 ...1616666016111666611666611666616
852 2338 984 2409 benignis
997 2338 1157 2392 lectoribus
1171 2338 1323 2392 salutern“.
1335 2380 1341 2391 .
1353 2379 1358 2391 .
1370 2382 1376 2393 .
1391 2338 1494 2408 „Hunc

247 2428 338 2496 igitur
350 2426 522 2480 thesaurum
537 2426 680 2481 hactenus
693 2428 722 2479 in
736 2442 806 2496 agro
820 2425 928 2479 domini
943 2426 1156 2493 absconditum,
1172 2431 1202 2478 61
1217 2426 1274 2478 iam
1289 2424 1409 2479 tandem
1423 2427 1494 2494 vigi·

247 2513 413 2568 lant-issima
420 2530 489 2567 cura
494 2520 619 2582 erutum,
628 2513 712 2567 vobis
722 2515 865 2580 asciscite²
875 2514 1051 2583 quicumque
1062 2529 1209 2566 sacrarum
1220 2511 1371 2565 literarum
1382 2510 1494 2566 ardenti

248 2601 380 2671 flagratis
396 2601 531 2671 umore“).
543 2632 566 2639 —
577 2601 727 2669 (Biblioth.
744 2600 782 2654 du
798 2601 864 2654 Roi.
882 2599 973 2656 Catal.
987 2600 1088 2654 Theoi.
1101 2599 1124 2653 Ι.
1141 2599 1171 2654 C.
1184 2599 1218 2653 N.
1234 2598 1308 2654 1028.
1319 2631 1344 2638 -
1355 2598 1494 2654 Haure'au

249 2685 361 2759 [Journ.
377 2686 429 2742 des
448 2688 562 2742 Savans
579 2688 653 2741 1882.
670 2706 697 2758 p.
710 2686 899 2761 1111-11161.
916 2688 986 2742 Litt.
1006 2688 1041 2742 de
1058 2688 1086 2741 la
1101 2686 1213 2741 Franco
1231 2686 1318 2742 XIII.
1331 2688 1425 2741 1111-
1441 2687 1493 2741 Vt«.

248 2789 286 2827 ex
297 2773 429 2827 biblioth.
442 2774 531 2845 palat.
544 2775 677 2841 Monac).
688 2807 713 2814 -

794 2949 833 3013 A.
847 2948 952 3014 1542:

302 3091 688 3173 487.-(Β666(10666.
708 3095 765 3172 -l
790 3094 840 3159 Lo
866 3092 1089 3158 devotissime
1110 3093 1315 3157 Meditclioui
1339 3093 1374 3155 di
1394 3092 1492 3156 Scuto

247 3178 418 3243 Beruardo
433 3178 571 3245 Abbate
589 3203 654 3246 con
670 3181 703 3245 16
719 3180 940 3246 Meditationi
957 3179 991 3243 di
1009 3180 1043 3243 S.
1059 3179 1234 3244 Anselmo.
1251 3179 1492 3244 Nuovamente

248 3263 305 3328 dal
320 3265 428 3331 latino
441 3288 485 3329 ne
497 3267 531 3331 la
542 3268 666 3353 volgar
678 3266 797 3352 lingua
809 3268 960 3331 tradotto
974 3270 1007 3351 ¹).
1020 3266 1067 3330 Et
1079 3287 1147 3331 uno
1160 3272 1303 3331 trattato
1318 3264 1352 3328 di
1366 3265 1400 3329 S.
1411 3264 1492 3329 Vin-

249 3350 363 3416 centio
378 3353 468 3417 della
480 3354 561 3418 Vita
573 3353 761 3441 Spirituale
773 3352 809 3417 in
821 3354 900 3418 fine.
913 3354 1065 3418 Venezia
1080 3363 1171 3418 1542.
1189 3356 1254 3417 16⁰.
1271 3351 1439 3435 11611661
1452 3351 1493 3415 In

246 3439 395 3504 Venetia
406 3463 468 3527 per
476 3441 649 3505 Giovnnni
665 3441 716 3505 de'
730 3440 843 3524 farri‘)
857 3448 891 3505 et
902 3439 1029 3506 fratelli
1043 3440 1084 3505 ad
1098 3439 1263 3504 instantia
1273 3439 1307 3501 di
1319 3438 1493 3504 Giovanni

248 3526 340 3591 dalla
356 3527 472 3592 chiesa
484 3528 628 3592 Pavese.
645 3528 710 3592 Nel
731 3538 822 3592 1542.
837 3567 863 3574 —
877 3535 929 3590 dt.
947 3554 982 3589 ex
1001 3554 1065 3605 opp.
1083 3534 1111 3588 S.
1125 3533 1279 3588 Beruardi:
1299 3534 1322 3604 l.
1338 3534 1381 3587 Le
1394 3534 1492 3588 Devo-

247 3631 361 3684 tissime
373 3630 555 3686 Meditationi
569 3632 627 3686 alla
640 3634 808 3703 cognitione
821 3630 856 3684 de
868 3631 1017 3685 l’burnana
1027 3629 1202 3697 conditione,
1215 3629 1390 3682 altrimentri
1403 3628 1492 3682 Libro

247 3715 408 3772 del'anirna.
422 3720 446 3772 ἱ).
457 3718 544 3773 Dnlla
553 3737 622 3773 casa
633 3722 771 3773 interiore
784 3718 846 3772 clod
854 3717 892 3771 da
902 3734 1000 3771 essere
1012 3713 1493 3785 6161661616666661661-16.311ρί-

248 3803 326 3858 stola
338 3802 415 3857 della
427 3807 604 3875 pcrt'ettione
613 3807 691 3861 della
702 3808 763 3860 vitu
775 3805 935 3876 spirituale.
948 3806 973 3858 4.
984 3805 1124 3858 Sermone
1135 3803 1212 3857 della
1224 3804 1363 3874 passione
1373 3801 1420 3857 (161
1431 3802 1493 3872 Sig-

246 3908 326 3945 nore.
343 3924 366 3930 -
386 3892 514 3947 Graessc
531 3893 553 3947 1.
571 3894 628 3947 140.
645 3926 669 3933 —
685 3894 791 3964 Herm,
808 3892 881 3947 Bibl.
898 3892 963 3945 Ital.
977 3891 1015 3944 II.
1032 3891 1090 3944 680.
1108 3893 1141 3945 N.
1162 3891 1219 3945 1.-
1229 3890 1307 3945 Hist.
1325 3890 1395 3944 Litt.
1413 3889 1450 3945 (16
1465 3890 1495 3943 la

247 3976 359 4031 Fronte
371 3978 456 4033 XIII.
471 3980 531 4034 225.
543 4013 567 4019 -
577 3982 702 4049 Plutoni,
715 3981 790 4035 Bibl.
806 3980 887 4048 Volg.
901 3979 923 4034 I.
937 3980 989 4047 64).
1000 4009 1024 4017 -

299 4064 332 4120 N.
348 4065 376 4117 l:
389 4072 510 4120 auctore
522 4066 651 4120 Jotanne
664 4068 842 4121 Bosodouno.
852 4066 917 4119 -22
931 4065 966 4119 al.
980 4064 1062 4119 Ferri
1074 4069 1129 4136 (ap.
1143 4065 1259 4137 Haym).
1271 4095 1295 4103 -

299 4213 624 4301 ‘iffi-Dionysius
633 4216 949 4297 carthusianus¹):
962 4215 1138 4281 Errorratio
1150 4217 1353 4298 epistolarum
1362 4221 1390 4281 et
1398 4238 1493 4281 euon-

244 4303 397 4385 peliorum
417 4303 456 4367 de
476 4302 603 4368 Sandis
623 4326 685 4389 per
707 4310 819 4367 totum
840 4324 979 4366 annum.
998 4303 1082 4366 Pars
1102 4302 1220 4367 altera.
1241 4303 1358 4368 Editio
1379 4302 1493 4368 tertia.

248 4387 426 4472 Coloniae,
441 4389 566 4453 Petrus
579 4389 727 4468 Quentel
740 4387 934 4453 excutiebat
949 4411 1038 4454 anno
1054 4399 1147 4454 1542.
1162 4429 1188 4438 -
1203 4398 1256 4468 (Ib.
1267 4398 1330 4454 Pol.
1342 4398 1445 4454 CCXO
1457 4396 1494 4452 ad

248 4488 444 4547 ccxossvo:
460 4492 562 4547 Sermo
572 4493 595 4547 Ι.
608 4492 644 4546 16
658 4493 735 4547 festo
747 4494 774 4546 S.
785 4492 928 4546 Beruardi
940 4492 1071 4547 Abbatis.
1083 4493 1127 4548 De
1139 4495 1299 4548 uirtutibus
1309 4500 1340 4548 et
1349 4493 1492 4549 excellen-

246 4579 296 4632 tiis
313 4582 407 4633 sancti
425 4578 575 4634 Beruardi.
586 4611 611 4618 -
621 4580 723 4633 Sermo
734 4579 773 4633 11.
789 4579 836 4632 Ad
851 4579 1028 4650 Religiosos.
1044 4581 1090 4634 De
1105 4581 1288 4635 excellentiis
1301 4581 1329 4635 S.
1343 4579 1492 4648 Beruardi,

246 4670 277 4719 et
289 4682 376 4736 quam
389 4667 526 4737 religiosa
537 4666 665 4720 debeant
677 4682 743 4721 csse
756 4666 904 4738 colloquia
915 4674 1024 4725 nostra.
1036 4700 1060 4708 -
1071 4669 1173 4724 Sermo
1184 4669 1239 4723 lIl.
1253 4668 1297 4722 De
1310 4669 1491 4722 continentia
