3240 5242
730 422 884 519 Q—

183 612 226 677 de
252 611 433 677 naissanee
460 610 503 675 de
530 610 622 677 saint
643 610 809 678 Bernard.
836 611 941 698 (Bull.
970 609 1085 678 d’hist.
1109 619 1146 677 et
1170 611 1369 680 d’arohdol.
1397 614 1440 679 du

184 699 323 767 diocdse
346 699 389 764 de
411 697 530 786 Dijon.
556 708 649 765 1890.
673 698 768 787 Sept.
792 698 894 785 Oct).
911 737 938 748 -

236 857 334 927 2741.
347 897 391 907 -
402 861 593 928 Haureau:
617 857 685 924 Des
694 862 821 939 potmes
837 857 936 923 latins
950 857 1104 924 auctura
1119 861 1142 922 d
1159 855 1438 925 Sciat-Beturri.

182 945 252 1012 Les
267 944 377 1030 Mens,
393 944 476 1033 imp.
492 944 557 1010 Ed.
573 944 777 1030 Mannoyer,
796 942 905 1028 Paris,
926 943 1004 1009 libr.
1020 942 1057 1009 C.
1074 943 1326 1011 Klincksieok.
1352 956 1437 1012 1890.

184 1035 232 1099 8⁰.
254 1033 381 1099 V-102
404 1055 509 1120 pp.-

235 1137 290 1209 (Ib.
309 1136 333 1191 1.
351 1135 397 1191 De
415 1137 585 1208 contemptu
603 1135 719 1191 mundi:

409 1222 552 1280 chartula
568 1228 673 1279 nostra
689 1224 744 1278 tibi
761 1222 891 1296 mandat,
909 1223 1062 1294 Rainalde‚
1082 1223 1208 1295 salutes,

462 1317 506 1368 et:
530 1311 590 1366 Cur
607 1310 736 1367 mundus
753 1311 863 1367 militat
881 1310 937 1367 suh
956 1328 1034 1366 vana
1049 1311 1154 1382 gloria.

183 1399 222 1456 11.
241 1400 357 1471 Dogma
374 1397 528 1455 vivendi·
539 1398 681 1454 Formule
698 1397 1003 1454 vivendi-Doctrina
1019 1397 1208 1471 proficiendi:

459 1485 543 1541 Haeo
561 1486 616 1540 tihi
633 1486 754 1541 vivendi
772 1488 813 1541 sit
829 1485 957 1540 formula
974 1485 1154 1557 proficiendi.

183 1573 240 1630 III.
257 1574 355 1629 Matre
369 1591 388 1629 a
401 1573 435 1630 B.
449 1572 599 1629 Bernardo
616 1575 784 1646 conscripta
800 1591 854 1645 pro
870 1573 1074 1629 aedificatione
1088 1590 1207 1628 mamm
1224 1577 1362 1630 omnium
1376 1575 1432 1629 Deo

253 1660 469 1717 dedicatorum:

487 1750 519 1804 Si
536 1750 583 1805 vis
600 1747 738 1821 gaudere,
756 1748 878 1804 studeas
896 1749 927 1802 in
945 1765 1016 1820 pace
1036 1747 1130 1803 silere.

186 1835 236 1891 IV.
255 1835 301 1891 De
319 1835 501 1891 multimodis
519 1837 668 1892 erroribus
686 1836 833 1891 humanae
851 1834 1033 1906 fragilitatis:

467 1923 559 1994 Flete,
577 1924 757 1996 perhorrete,
774 1923 883 1994 lugete,
900 1928 1017 1994 pavete,
1036 1921 1144 1977 dolete.

185 2011 219 2067 V.
239 2010 398 2067 contentio
417 2012 532 2066 animae
551 2015 582 2066 et
599 2012 745 2083 corporis:

485 2099 537 2155 Vir
555 2098 674 2170 quidm
693 2101 849 2154 exstiterat
867 2096 978 2153 dudum
996 2099 1127 2154 eremita.

183 2185 233 2242 VI
252 2185 413 2258 Sequentia
431 2186 467 2243 de
486 2185 533 2242 die
549 2186 661 2258 judicii.
680 2185 725 2241 De
745 2185 836 2241 divite
854 2192 987 2240 mortuo:

409 2274 533 2342 Quando
553 2274 636 2331 dives
654 2277 786 2347 moritur,
804 2273 840 2328 In
857 2279 920 2329 tres
937 2278 1037 2345 partes
1055 2271 1207 2328 dividitur.

595 2362 671 2419 cum
688 2361 832 2418 recondor
849 2363 1017 2417 moriturus.

183 2450 250 2508 VII.
268 2451 422 2507 Floretus:

408 2539 533 2594 Nomine
551 2539 690 2595 Floretus
708 2539 782 2595 liber
799 2539 902 2609 incipit
919 2535 957 2592 ad
975 2536 1054 2591 bona
1071 2541 1206 2607 coeptus.

183 2627 265 2684 VIII.
283 2626 329 2682 De
347 2626 405 2682 fide
423 2633 543 2682 sanctae
561 2626 727 2683 Trinitatis:

367 2716 444 2771 Esse
463 2714 542 2787 quod
561 2721 608 2771 est
625 2733 663 2772 ex
680 2733 713 2772 se
732 2716 814 2771 Deus
834 2719 881 2770 est
897 2730 950 2785 per
967 2712 1046 2785 quod
1064 2712 1153 2767 datur
1171 2730 1250 2770 esse.

237 2802 338 2858 Oratio
357 2801 395 2858 ad
413 2809 474 2859 tres
491 2821 636 2875 personas
654 2803 823 2859 Trinitatis:

547 2891 646 2963 Alphe
664 2898 695 2946 et
713 2891 832 2962 Omega,
851 2906 957 2961 magne
974 2889 1065 2945 Deus.

183 2979 237 3034 IX.
255 2979 291 3034 In
308 2981 446 3052 ingressu
464 2980 597 3036 claustri:

434 3067 481 3124 Ad
499 3067 569 3139 quid
587 3069 705 3137 venisti,
722 3068 821 3137 frater,
840 3066 981 3122 meditare
1000 3065 1180 3137 frequenter.

235 3154 390 3211 Diotamen
408 3155 446 3211 ad
463 3155 633 3227 religiosos:

426 3243 458 3298 Si
475 3244 521 3298 via
541 3259 608 3298 esse
626 3242 791 3311 coenobita,
809 3241 909 3298 Huius
927 3243 1007 3297 vitae
1025 3242 1104 3296 viam
1123 3242 1194 3296 vita

235 3331 282 3387 Ad
300 3333 445 3387 novitios:

445 3419 566 3490 Neritii,
585 3418 688 3474 dulces
705 3419 772 3487 mei,
791 3417 922 3472 Plantati
940 3419 970 3470 in
988 3416 1084 3471 Domo
1103 3415 1169 3471 Dei.

235 3507 410 3562 Exhortatio
429 3505 467 3560 ad
485 3507 706 3561 contritionem:

599 3595 645 3649 Tu
663 3596 713 3666 qui
727 3593 811 3665 juste
830 3593 878 3649 vel
896 3592 1015 3664 injuste.

183 3683 221 3740 X.
240 3682 486 3737 'lorneamentum
507 3684 539 3738 Β.
558 3682 714 3739 Bernardi:

457 3770 581 3836 Quando
600 3775 688 3824 nocte
706 3768 793 3824 video
812 3771 843 3822 in
862 3768 951 3823 choro
970 3771 1159 3822 conventum.

183 3855 238 3910 XI.
257 3855 400 3911 Planctus
418 3857 450 3910 Β.
469 3856 625 3912 Bemardi:

452 3945 529 4000 Olim
547 3951 684 4000 nostrum
702 3943 834 4000 ordinem
853 3945 998 4015 principes
1016 3944 1163 3996 amabant

184 4031 253 4087 XII.
272 4033 306 4087 Β.
325 4032 468 4088 Bernardi
485 4033 522 4087 ad
541 4034 706 4103 Eugenium
724 4051 830 4103 papam
849 4031 885 4087 de
903 4032 1058 4087 Romanis:

504 4121 540 4174 ln
558 4122 655 4175 Deum
672 4122 762 4191 impii,
781 4122 811 4173 in
830 4120 940 4174 Sancta
956 4118 1112 4173 temerarii.

184 4206 268 4263 XIII.
286 4208 456 4278 Disputatio
475 4210 552 4262 inter
568 4214 692 4262 matrem
712 4207 851 4262 Crucifixi
870 4213 900 4261 et
917 4205 1055 4262 Crucem:

185 4309 187 4315 '
581 4295 669 4365 Crux,
688 4292 725 4349 de
743 4300 773 4349 te
791 4295 861 4350 volo
879 4295 1026 4365 conqueri.

184 4383 264 4440 XIV.
283 4385 319 4438 In
337 4384 546 4456 Epiphaniam:

567 4471 750 4541 Quicumque
769 4469 885 4525 eoelum
904 4469 1052 4541 quaeritis.

184 4558 248 4617 XV.
267 4561 362 4615 Prosa
379 4559 415 4614 de
434 4561 589 4615 nativitate
607 4560 741 4614 Domini:

507 4647 719 4702 Laetabundus
737 4646 861 4701 Exultat
879 4644 973 4700 tidelis
992 4644 1108 4699 chorus.

183 4735 264 4792 XVI.
283 4735 441 4808 Epitaphia
459 4735 487 4792 S.
506 4734 668 4791 Malachiae
686 4741 716 4790 et
732 4735 870 4806 Hugonis
889 4732 925 4789 de
943 4732 971 4788 S.
991 4731 1117 4787 Victore.
