3240 5242
732 428 882 525 ,47-1.-

180 615 215 672 V.
234 615 278 670 Dc
289 617 412 687 iaarcrar
425 616 556 671 claustri:
572 615 637 687 „Aa
649 614 720 687 quid
732 617 849 687 venisti,
867 616 967 686 frater,
984 616 1127 672 meditare
1139 617 1325 688 frequenter“
1339 622 1394 673 eto.
1405 648 1432 658 -

234 703 379 759 Diclamea
395 703 434 758 ad
452 703 607 774 relicimur:

355 790 404 861 „Si
422 792 468 846 vis
488 808 555 846 esse
574 791 738 861 coenobita,
759 791 859 862 Hujus
877 793 957 847 vitae
975 793 1053 847 viam
1072 793 1150 847 vtta“
1171 797 1261 848 eto.-

234 876 403 931 Eahortatio
421 877 459 931 ad
476 879 609 933 naviam:

373 963 510 1035 „Neritia
529 965 631 1021 dulces
649 969 716 1036 mei,
735 966 865 1021 Plantati
883 969 914 1020 in
932 966 1020 1020 domo
1040 966 1112 1021 Dei“
1132 972 1223 1022 eta-

232 1050 402 1105 Exhcrtatio
420 1052 458 1106 ad
475 1053 680 1108 contritionem:
698 1053 760 1124 „Tu
779 1055 830 1124 qui
844 1053 928 1124 juste
945 1053 994 1109 vel
1011 1053 1140 1124 iujuste“
1159 1059 1251 1109 etc.-

236 1138 476 1194 Toracamcatam:
494 1138 636 1210 „Quando
655 1145 743 1196 nocte
760 1141 847 1196 video
866 1144 896 1195 in
915 1142 1005 1196 choro
1025 1148 1213 1210 conventum,

488 1225 536 1281 Ad
554 1228 671 1283 laudem
690 1226 866 1283 doniinicam
885 1229 1045 1301 quemlibet
1062 1231 1218 1295 intentum,

482 1316 559 1370 Esse
577 1333 625 1370 mo
644 1315 797 1371 considero
817 1315 854 1371 ad
873 1322 1118 1388 torneamentum,

482 1403 540 1458 Ubi
559 1420 618 1457 non
638 1410 686 1458 est
702 1403 816 1458 ficitum
834 1405 876 1458 ire
895 1403 1132 1459 somnolentum“
1152 1409 1243 1459 eto.-

180 1489 232 1544 VI.
251 1489 413 1559 Disputatio
431 1491 503 1545 inter
519 1496 631 1545 matrem
651 1490 785 1559 Gracifloi
802 1497 827 1545 ct
848 1492 975 1546 Gracchi:

494 1576 598 1647 „Orux,
617 1577 653 1632 de
672 1582 702 1633 te
721 1577 789 1633 volo
808 1580 955 1649 conqueri.

494 1662 572 1730 Quid
590 1670 637 1720 est
655 1664 734 1735 quod
752 1666 783 1718 in
801 1670 832 1719 te
849 1667 961 1736 reperi“
981 1672 1034 1721 etc.
1047 1697 1074 1707 -

179 1749 247 1805 VH.
267 1751 304 1804 la
322 1750 528 1819 Epiphaniam:
546 1749 746 1822 „QuIcumque
765 1751 880 1806 coelum
898 1754 1040 1823 quaeritis

546 1837 635 1894 Oclos
653 1840 683 1893 in
702 1837 796 1894 altum
815 1838 927 1894 tollite“
948 1844 1002 1894 eto.
1015 1870 1040 1880 -

179 1924 263 1979 VIII.
282 1925 373 1980 Proca
390 1926 423 1979 ilc
439 1926 582 1981 nativitate
599 1925 731 1981 Domini.-

337 2011 565 2083 „Laetabundus
584 2012 698 2067 exultet
716 2012 812 2068 fidelis
830 2013 952 2067 chorus!
971 2012 1098 2068 Alleluia
1106 2014 1130 2067 !“
1150 2018 1203 2068 etc.
1218 2045 1243 2054 -

181 2099 234 2155 IX.
253 2100 409 2170 Epitaphia
427 2100 457 2155 8.
476 2101 633 2156 Malachiae
650 2107 675 2155 ct
693 2101 823 2171 Hayoaie
841 2101 873 2155 iic
892 2100 921 2155 S.
940 2101 1052 2156 Victore.
1065 2133 1090 2141 -

179 2186 217 2240 X.
235 2187 351 2241 Jabilus
368 2188 400 2242 dc
417 2189 527 2243 nomiae
542 2189 626 2243 Jcsh:
645 2188 744 2258 ‚,Jesu,
763 2187 857 2242 dulcis
876 2190 1033 2242 memoria“
1054 2195 1108 2244 stc.
1122 2219 1148 2230 -

232 2275 348 2329 Jubilar
365 2276 511 2342 Berricrdi,
529 2276 570 2331 oct
587 2275 723 2330 Stiraalua
740 2276 936 2344 compassionis
953 2276 986 2330 de
1003 2277 1113 2332 nomiae
1131 2277 1213 2332 lca.-

493 2362 583 2433 „Jesu
603 2362 713 2417 Christi
731 2362 818 2418 celeri
836 2365 1026 2418 miseratione

493 2450 533 2504 Et
549 2450 660 2505 Mariae
678 2452 801 2521 virginis
819 2453 1048 2506 intercessione“
1068 2458 1122 2508 eto.
1135 2483 1162 2493 -

180 2536 234 2591 XI.
257 2537 352 2591 Oratio
368 2537 407 2591 ad
424 2554 510 2591 anam
527 2538 666 2607 quodlibet
683 2538 860 2591 aicmbroram
882 2538 985 2591 Christi
998 2540 1130 2607 patientis
1148 2539 1179 2593 ia
1198 2556 1282 2595 macc.

237 2624 332 2678 Oratio
349 2625 387 2678 art
404 2625 546 2679 doraiaam
563 2624 659 2679 Jecam
676 2629 701 2678 ct
718 2625 752 2678 B.
772 2624 909 2679 Mariam:

494 2712 631 2783 „Summe
650 2711 758 2767 summi
777 2720 809 2766 tu
829 2713 926 2767 Patris
945 2714 1039 2783 unice,

496 2799 598 2855 Mundi
616 2799 700 2855 faber
717 2807 747 2855 et
764 2805 862 2855 rector
880 2800 1023 2855 t'abrioae“
1044 2806 1098 2857 etc.
1111 2832 1136 2840 -

236 2887 330 2941 Oratio
348 2887 381 2939 cic
397 2887 550 2957 archarum
567 2887 735 2942 actionibus:
755 2887 818 2957 „Ad
837 2886 941 2941 beatae
959 2887 1099 2941 trinitatis

755 2973 959 3045 Simplicieque
978 2973 1096 3029 deitatis

788 3062 1001 3132 Sempiternam
1018 3061 1158 3131 gloriam“
1178 3067 1232 3117 eto.
1245 3093 1271 3102 —

237 3152 332 3206 Oratio
351 3152 385 3205 B.
404 3151 558 3205 Beraardi:

339 3238 458 3309 „Dulcis
476 3239 559 3307 Jesu,
577 3240 608 3292 in
626 3236 806 3308 adjutorium
824 3254 922 3291 meum
940 3236 1059 3292 intende

338 3327 377 3381 Et
395 3345 413 3381 a
431 3328 545 3380 cunctis
563 3325 700 3380 hostibus
720 3332 751 3380 et
767 3324 905 3395 periculis
922 3341 970 3379 me
989 3323 1129 3379 det'ends“
1149 3328 1203 3378 eto.
1216 3355 1241 3363 -

180 3413 250 3468 XII.
270 3413 430 3468 Beraardhr
447 3415 479 3467 ia
492 3430 613 3483 perscha
633 3413 750 3467 Christi:
768 3412 893 3482 „Homo‚
912 3411 980 3466 vide
999 3429 1073 3483 quae
1091 3428 1144 3482 pro
1163 3415 1194 3465 te
1212 3412 1315 3482 patior,

766 3500 797 3552 Si
816 3504 862 3552 est
880 3498 964 3553 ‹lolor
982 3501 1059 3554 sicut
1076 3515 1135 3569 quo
1154 3500 1284 3553 crucior“
1304 3503 1359 3554 etc.
1370 3529 1396 3540 -

234 3589 375 3643 Salatatio
393 3590 426 3643 cta
440 3591 570 3658 passione
588 3596 612 3643 ct
629 3589 685 3643 vila
706 3588 816 3654 Christi,
835 3587 871 3642 al.
892 3587 999 3641 Sertum
1020 3586 1137 3641 Christi:

460 3678 550 3746 „Avo
567 3676 642 3731 Jesu
663 3674 805 3744 conditor,
824 3675 934 3728 veritas
954 3680 984 3727 et
1002 3675 1071 3741 vita,

461 3763 521 3832 Via,
540 3764 642 3831 virtus,
661 3764 764 3833 gratia,
783 3761 865 3816 salus
883 3760 1015 3814 intinita“
1035 3766 1089 3815 etc.
1102 3792 1128 3800 -

234 3849 370 3904 Planctus
388 3849 417 3904 S.
436 3850 589 3904 lterrrarcli:
607 3850 666 3919 „To
685 3852 765 3902 utin
786 3849 957 3904 memoriam
976 3865 1120 3919 revocem,
1139 3848 1283 3917 Salvator,

606 3937 676 3991 Mihi
698 3938 926 4005 benignissimus
945 3935 1022 3989 adsit
1040 3934 1225 3990 consolator“
1244 3940 1300 3989 eto.
1311 3965 1338 3976 -

181 4022 267 4077 XIII.
286 4022 371 4078 Liber
388 4025 421 4078 dc
439 4024 569 4078 laudibus
587 4025 620 4078 B.
645 4024 774 4093 Virqiair.

198 4110 359 4179 Prologus:
379 4110 421 4180 „0
441 4110 540 4165 lumen
560 4129 670 4177 verum,
690 4129 748 4182 quo
768 4112 818 4165 lux
838 4118 884 4166 est
902 4113 981 4166 tacta
998 4110 1127 4166 dierum“
1147 4116 1201 4166 eto.

437 4199 560 4252 l’oema:
580 4199 638 4268 „Ut
652 4198 801 4267 jucundae

582 4286 695 4341 Cervus
714 4304 806 4357 aquas

584 4377 736 4429 Aestnans
753 4373 918 4429 desiderat‘
938 4378 991 4427 eto.
1005 4402 1031 4413 -

180 4458 261 4516 XIV.
281 4461 337 4515 Aac
355 4462 446 4517 Marii
464 4464 549 4517 Stella
568 4468 622 4518 etc.
635 4493 661 4502 -

181 4546 246 4602 XV.
265 4547 390 4603 Deliciae
407 4550 517 4604 Mariae
536 4551 664 4619 Viryiais,
683 4549 720 4604 ai.
732 4549 847 4604 iathar
865 4550 894 4602 S.
907 4548 1047 4602 Brraarrli
1063 4547 1169 4602 abbatis
1186 4546 1224 4599 acl
1236 4546 1359 4600 Mariam
1379 4548 1429 4601 air·

178 4635 273 4705 cinam
292 4635 326 4688 dc
343 4637 468 4691 omnibus
486 4637 590 4691 deliciis·
607 4637 740 4703 hosdan:
759 4635 872 4703 „Salva
891 4640 994 4687 sancta
1011 4639 1106 4687 mater
1123 4633 1187 4703 Dei,

761 4722 855 4777 salix
874 4724 961 4791 vitae,
980 4722 1069 4775 robur
1087 4722 1166 4794 spei·
1186 4728 1241 4776 ete.
1253 4752 1280 4761 -
