3240 5242
829 384 983 483 „3¹3

287 575 423 642 Closter
444 571 705 639 Lieohtenthall
729 571 809 638 Ord.
835 573 979 640 Cisterc.
1011 595 1080 639 von
1102 573 1145 638 R.
1169 572 1208 637 P.
1230 573 1357 639 Joannc
1378 573 1536 657 Baptista

285 663 394 746 Mayr,
415 661 494 726 Orrl.
512 661 546 724 S.
562 659 755 743 Benedicti,
773 661 843 724 Des
859 663 981 747 freyen
997 661 1383 726 Reichs·G0ttes-Haus
1404 662 1457 726 St.
1474 662 1534 727 Ul·

283 749 358 813 rich
381 749 452 813 und
474 747 560 811 Afra
581 746 618 810 in
637 748 825 832 Augspurg
846 748 996 814 Profess.
1013 747 1223 813 Dermahlen
1245 747 1285 812 In
1308 747 1387 813 dem
1411 748 1535 834 freyen

284 834 772 901 Reichs·Hoch-Adelichen
797 834 893 899 scint
918 835 1156 900 Frauen-Alb
1181 834 1261 899 Ord.
1289 833 1325 898 S.
1347 835 1535 901 Benedicti

284 922 582 988 Beicht-Vattern.
602 921 801 1008 Augspurg,
821 922 1003 1072 gedruclit,
1024 922 1094 988 und
1110 945 1154 986 zu
1167 920 1284 986 finden
1305 919 1375 1008 bey
1390 922 1415 988 J
1418 922 1536 988 ohann

285 1008 399 1076 Jacob
421 1010 545 1075 Lotter
569 1018 662 1073 1131.
687 1011 733 1074 4⁰.
758 1018 799 1073 30
851 1047 902 1073 .-

337 1112 415 1184 (Νο1.
434 1130 471 1167 ex
489 1111 621 1166 biblioth.
639 1117 765 1167 monast.
786 1112 907 1182 Ossae).
921 1143 948 1152 -

343 1262 437 1331 1529.
451 1301 492 1308 -—
504 1264 678 1345 Wokoun,
693 1262 762 1325 Jua
777 1262 920 1326 Aiitouin
927 1263 949 1344 ¹)
958 1282 969 1323 .·
990 1261 1124 1326 Pulchri
1139 1283 1266 1343 pressus
1288 1263 1323 1326 in
1344 1262 1536 1330 calceamen-

286 1353 329 1416 iis
342 1351 435 1436 filiae
454 1350 632 1431 principia·
654 1347 788 1434 pulchri
812 1370 951 1433 gressus
974 1347 1010 1411 in
1033 1347 1276 1413 calceamentis
1295 1348 1358 1412 filii
1384 1350 1535 1415 comitis.

285 1437 387 1502 Arieb
410 1437 580 1519 roztrhoay‘
602 1441 652 1500 sut
675 1458 719 1500 ευ.
736 1435 910 1500 Beraardu
933 1434 1051 1499 slavne
1075 1457 1111 1499 se
1135 1434 1308 1521 stkvejici.
1327 1435 1359 1499 V
1378 1436 1489 1501 Praze
1513 1459 1536 1502 u

286 1524 378 1590 Jana
399 1523 443 1588 K.
467 1523 598 1608 Hraby,
625 1533 717 1588 1131.
735 1527 781 1586 4⁰.
802 1533 839 1587 14
856 1522 891 1586 ff.
908 1560 942 1570 -

339 1626 466 1696 (Jirecek
484 1626 523 1680 II.
542 1626 569 1681 b.
588 1626 648 1680 329.
659 1657 686 1666 -
699 1625 765 1679 Not.
784 1643 820 1679 ex
839 1624 971 1679 biblioth.
991 1630 1117 1680 monast.
1136 1625 1292 1695 Altovad.).
1306 1657 1331 1666 -

339 1714 373 1768 N.
396 1714 423 1767 1:
447 1714 615 1768 Wolcuun=
632 1714 754 1782 Volcano,
779 1712 808 1768 S.
827 1712 928 1767 'I'heoh
947 1713 1007 1782 Dr,
1031 1712 1187 1786 presbyter
1211 1714 1379 1785 Pragensis,
1402 1714 1535 1771 decanus

287 1799 502 1857 Vodilanensis.
514 1831 539 1840 -

344 1949 439 2018 1530.
452 1989 494 1997 -
507 1952 659 2037 (Briqer.
673 1953 729 2035 -—)
751 1952 893 2019 Picenae
910 1954 1098 2030 solstitium,
1119 1975 1188 2038 quo
1204 1952 1278 2038 jain
1299 1974 1371 2018 non
1389 1952 1536 2019 inclina-

288 2034 383 2099 bitur
403 2036 486 2119 dies,
509 2037 568 2101 sed
589 2037 686 2124 jugis
705 2039 866 2104 meridies
886 2063 1051 2128 vesperae
1072 2040 1240 2138 cujusque
1262 2039 1401 2105 umbras
1424 2049 1535 2106 exter·

287 2122 443 2207 minabit,
457 2124 523 2188 hoc
543 2134 612 2190 est:
630 2126 818 2192 Beatitudo
835 2127 976 2192 ultimus
994 2127 1144 2193 hominis
1161 2127 1239 2191 finis
1256 2127 1291 2191 in
1308 2127 1424 2192 ducali
1443 2150 1535 2193 asce-

288 2209 376 2275 terio
391 2211 431 2279 B.
447 2211 493 2275 M.
510 2212 550 2277 V.
569 2213 611 2276 de
629 2214 945 2300 Campo-Liberum
962 2215 1040 2279 Ord.
1059 2214 1201 2278 Cisterc.
1223 2214 1257 2277 iii
1278 2214 1378 2279 infer.
1392 2215 1535 2280 Austria

289 2298 367 2381 silc,
387 2298 513 2364 viatori
537 2321 579 2363 ex
599 2300 793 2364 scholarum
819 2325 884 2366 usu
906 2311 1092 2386 utcumque
1111 2301 1287 2388 patefacta
1306 2308 1410 2386 atque
1432 2325 1475 2367 ex
1490 2325 1533 2366 se.

288 2383 356 2448 PP.
380 2385 528 2471 scriptis,
552 2387 739 2473 praecipue
761 2388 916 2452 melliflui
940 2389 1105 2453 Doctoris
1129 2388 1162 2453 S.
1186 2389 1352 2453 Bemurdi
1383 2397 1419 2453 et
1442 2406 1484 2453 ex
1505 2389 1533 2453 I.

289 2481 319 2535 2.
344 2494 364 2536 a
387 2481 517 2557 quaest.
541 2485 556 2537 1
580 2473 621 2536 ad
647 2486 687 2557 t,
712 2482 812 2539 etex
836 2476 1004 2562 supplem.
1024 2476 1087 2539 111.
1111 2476 1220 2561 partis
1240 2497 1260 2538 a
1284 2483 1416 2559 quaest.
1439 2486 1479 2541 80
1501 2483 1534 2539 et

289 2581 310 2622 a
330 2567 460 2643 quaest.
478 2570 516 2624 96
537 2560 686 2644 angelici
705 2562 807 2627 Doct.
825 2563 857 2629 S.
874 2563 1028 2626 'l'liomae
1048 2563 1252 2626 adumbrata
1279 2562 1398 2627 addito
1420 2563 1533 2627 indice

289 2667 352 2730 pro
375 2669 440 2710 usu
467 2647 564 2712 verbi
599 2647 707 2711 divini
736 2671 946 2735 praeconum
973 2672 993 2712 a
1016 2649 1054 2712 P.
1082 2650 1228 2714 Curtilius
1253 2649 1412 2733 Briycrh,
1445 2649 1532 2736 ejus·

290 2732 368 2828 dein
387 2734 459 2799 ord.
477 2742 512 2797 et
532 2743 677 2799 monast.
697 2736 868 2802 monacho
884 2736 1052 2822 professe,
1069 2737 1189 2801 Priore
1207 2736 1334 2801 actuali
1357 2745 1392 2803 et
1411 2737 1533 2823 inclyti

288 2819 475 2884 vicariatus
505 2821 701 2887 secretario.
732 2823 836 2887 Auno
866 2823 1135 2888 MDCOXXXI.
1160 2823 1329 2888 Orembsii
1361 2825 1533 2908 Austriae,

289 2905 383 2992 typis
406 2907 536 2992 Ignatii
558 2908 706 2972 Antonii
728 2909 864 2993 Praexl,
889 2932 979 2974 anno
1006 2919 1098 2975 1732.
1122 2919 1162 2973 87
1177 2932 1235 2997 pp.
1260 2918 1304 2975 4⁰.
1319 2950 1346 2959 -

343 3010 450 3074 (Xenia
468 3010 651 3066 Bernardina
669 3012 724 3066 III.
742 3012 912 3067 asu-Nor.
932 3031 967 3067 ex
988 3013 1118 3067 biblioth.
1138 3018 1264 3068 monast.
1284 3012 1450 3087 Campilil.).
1464 3046 1489 3055 -

341 3098 376 3152 N.
396 3098 425 3152 l:
444 3104 533 3153 natus
553 3099 614 3154 tal.
632 3099 699 3153 «lan.
722 3099 798 3170 1689,
815 3099 836 3169 †
853 3101 939 3155 XXV
958 3100 1028 3156 Dec.
1051 3101 1160 3156 1760.-

346 3259 488 3327 1531-
499 3262 645 3346 Briqer:
665 3261 786 3327 (Jiirrus
801 3262 920 3344 icareus,
937 3282 1035 3324 sacro
1055 3262 1109 3325 vel
1131 3260 1299 3345 sacrilego
1316 3260 1397 3346 igne
1414 3282 1533 3324 accen-

290 3368 358 3429 sus,
390 3367 536 3432 quorum
560 3348 706 3412 alterum
730 3347 928 3430 accendere,
961 3347 1106 3411 alterum
1130 3347 1350 3430 exstinguere
1373 3346 1410 3412 in
1434 3346 1533 3413 nobis

289 3433 442 3499 salvator
464 3432 578 3498 venit:
604 3456 750 3519 quorum
773 3456 843 3499 uno
867 3433 909 3498 ad
933 3456 1085 3520 perenne
1109 3433 1306 3517 solstitium,
1331 3434 1399 3498 alio
1417 3434 1461 3499 ad
1477 3456 1534 3520 pe·

289 3541 395 3584 ronne
420 3520 629 3607 supplicium
652 3520 792 3585 vehitur
812 3520 928 3604 homo,
955 3520 990 3584 id
1015 3527 1083 3589 est:
1107 3522 1217 3584 Actus
1240 3520 1392 3604 humani,
1417 3521 1477 3607 qui
1499 3520 1533 3584 in

290 3606 418 3671 celebri
450 3617 485 3671 et
515 3607 630 3671 ducali
653 3607 815 3672 Austriae
845 3607 944 3673 infer.
976 3606 1056 3672 Ord.
1081 3607 1164 3672 (list.
1188 3607 1402 3673 Monasterio
1425 3606 1533 3673 Vallis

288 3693 330 3758 B.
353 3693 399 3758 M.
416 3695 457 3758 V.
482 3694 524 3758 de
549 3717 670 3781 campo
694 3694 872 3778 Liliorum,
896 3717 941 3760 ss.
965 3694 1031 3758 PP.
1056 3694 1164 3759 ductu
1187 3703 1222 3759 et
1245 3693 1447 3781 cumprimis
1471 3694 1532 3759 sub

289 3779 446 3844 melliflui
469 3781 633 3846 Doctoris
655 3804 681 3847 s.
697 3782 863 3848 Bernardi
887 3789 922 3846 et
944 3781 1092 3867 angelici
1116 3780 1280 3846 Doctoris
1296 3804 1322 3846 s.
1339 3782 1492 3847 Thomas
1507 3781 1533 3844 Ι.

290 3878 369 3949 2ae,
394 3890 414 3930 a
437 3869 639 3950 quaestione
665 3880 682 3932 6
708 3869 750 3932 ad
775 3880 825 3933 21.
849 3867 1048 3953 magisterio
1072 3868 1280 3933 scholastica
1303 3876 1384 3934 sunt
1406 3869 1534 3934 trutina

291 3953 488 4039 examinati,
513 3977 590 4019 cuin
614 3955 733 4020 addito
757 3955 872 4021 indice
896 3956 939 4020 ad
963 3977 1062 4019 usum
1084 3955 1183 4020 verbi
1200 3954 1309 4020 divini
1325 3977 1533 4042 praeconum

291 4039 439 4126 adject0,
472 4063 561 4107 anno
589 4054 682 4108 1731.
719 4042 887 4108 Crembsii
910 4042 1082 4126 Austriae,
1113 4042 1207 4129 typis
1237 4042 1366 4129 ignatii
1390 4040 1534 4109 Antonii

290 4126 426 4210 Praexl,
450 4150 541 4194 anno
569 4139 662 4195 1732.
677 4169 704 4178 -
729 4139 790 4195 211
815 4153 873 4217 pp.
897 4133 985 4195 4⁰.-

343 4232 420 4303 (th.
440 4250 477 4287 ex
496 4233 628 4289 biblioth.
647 4239 773 4289 monast.
793 4233 955 4305 Campilil.).
967 4266 993 4274 -

347 4392 439 4462 1532.
451 4433 488 4443 —
504 4396 649 4545 Briger:
677 4393 780 4478 Opera
796 4395 831 4458 in
850 4395 906 4459 lioc
925 4395 1041 4459 hirando
1059 4416 1122 4459 acu
1143 4394 1181 4458 de
1198 4394 1256 4459 hoc
1270 4395 1397 4470 maudo,
1412 4393 1448 4458 id
1466 4398 1532 4457 est:

291 4481 401 4545 Actus
417 4480 559 4546 humani
599 4480 669 4562 oni,
692 4480 849 4565 virtutes,
874 4481 974 4563 dona,
990 4480 1223 4545 beatitudines
1239 4488 1275 4545 et
1287 4480 1422 4546 fructus
1438 4478 1535 4566 spiri·

292 4574 348 4632 tus
363 4567 484 4666 sancti.
501 4568 543 4632 In
557 4568 667 4665 imam
683 4568 854 4632 secundae
871 4567 905 4632 S.
915 4567 1068 4633 Thomas
1084 4591 1104 4631 a
1120 4576 1251 4666 quaest.
1269 4577 1321 4633 55.
1337 4567 1449 4666 adjio,
1462 4589 1534 4720 qui·

292 4653 358 4723 bus
382 4678 419 4720 in
442 4660 644 4742 quaestione
661 4665 712 4719 22.
735 4654 778 4719 ad
803 4665 853 4719 54.
878 4660 1047 4741 praeeunt
1062 4675 1241 4741 passiones
1258 4661 1294 4719 et
1308 4653 1460 4720 habitus.
1512 4674 1536 4719 x
