3240 5242
729 412 880 512 :rs—e

177 612 263 672 vota
283 603 462 689 religionis
485 601 644 689 faciliter,
670 626 710 670 ac
734 604 883 671 feliciter
906 604 1126 669 exsolvenda.
1148 604 1194 669 II.
1216 604 1272 669 Ad
1294 604 1428 691 perfec-

180 693 311 760 tionem
326 691 525 776 religiosam
546 689 648 756 citius
670 693 930 778 assequendam.
945 691 1009 757 ΠΙ.
1025 690 1081 756 Ad
1102 713 1244 756 munera
1264 699 1299 757 et
1322 712 1429 757 onera

180 788 291 845 status
307 777 460 864 religiosi
479 800 556 842 enm
572 778 670 843 suavi
687 779 792 844 animi
809 779 1001 862 dulcedine,
1019 785 1054 843 et
1069 778 1223 865 praemio
1239 801 1344 879 super
1359 779 1428 843 mel

181 877 216 933 et
238 868 357 931 favum
384 864 530 930 dulciori
549 866 766 963 perferenda.
798 865 965 932 Omnibus
988 864 1221 951 Regularibus
1246 887 1428 931 culuscun-

181 977 248 1041 que
265 952 413 1037 Ordinis,
435 951 679 1038 Supenoribus
702 960 737 1017 et
756 952 995 1037 inferioribus,
1016 952 1157 1039 spiritus
1177 952 1427 1039 Directoribus,

181 1041 401 1108 Novitiorum
417 1038 593 1125 Magistris
617 1048 681 1105 etc.
702 1040 835 1106 utiliter
857 1040 969 1106 dulcis
993 1048 1028 1104 et
1048 1040 1197 1105 dulciter
1219 1039 1325 1123 utilis,
1349 1062 1428 1106 cum

180 1127 390 1193 intermixtis
415 1126 775 1192 commendationibus
804 1126 1231 1216 elogiastico-moralibus
1255 1135 1290 1192 et
1312 1125 1426 1193 indice

182 1215 312 1302 duplici
337 1214 502 1279 collectus
526 1234 546 1279 o
574 1235 632 1278 era
655 1214 695 1279 P.
712 1215 881 1280 Eustachii
896 1215 1016 1292 Janna,
1042 1236 1110 1278 sac.
1134 1212 1273 1279 Ordinis
1298 1212 1425 1279 Cister-

182 1301 318 1385 ciensis,
341 1300 540 1367 monasterii
590 1300 651 1365 .V.
668 1300 798 1366 Mariae
818 1303 861 1366 de
878 1301 1006 1367 Ossoca
1025 1300 1061 1365 in
1076 1300 1247 1367 Bohemia
1265 1300 1424 1387 professi,

180 1389 309 1455 ibidem
326 1412 359 1487 p.
372 1396 396 1452 t.
410 1386 548 1470 Prioris,
564 1410 656 1452 nunc
669 1387 1014 1454 Wischezanensium
1032 1387 1161 1453 (iurati.
1179 1388 1268 1454 Oum
1283 1387 1425 1453 licentia

181 1475 363 1542 Ordinarri.
385 1473 569 1539 Norimber
594 1496 644 1557 ae,
665 1473 749 1539 Sum
774 1474 867 1540 tibus
891 1475 1040 1541 Joannis
1068 1474 1211 1559 Georgii
1233 1473 1419 1559 Loohneri,

181 1561 404 1649 bibliopolae.
428 1562 531 1627 Anno
628 1560 722 1627 OOX
761 1562 886 1628 XX.—

235 1667 308 1727 (Ὲοί.
329 1666 361 1720 18
379 1684 464 1737 pcgg.
482 1684 510 1720 n.
529 1684 638 1720 numm.
657 1665 709 1719 519
728 1683 814 1737 pagg.
833 1684 952 1737 numm,
970 1666 1084 1738 8pcgg.
1103 1683 1131 1720 n.
1149 1664 1370 1721 numm-Not.
1389 1682 1426 1720 ex

182 1753 314 1809 biblioth.
331 1758 459 1808 monast.
478 1753 574 1821 Rem).
587 1783 614 1793 -

238 1875 332 1947 1581.
345 1916 386 1924 -
398 1878 598 1963 Maurique.
622 1877 839 1963 Hiltprand:
856 1878 999 1943 Annales
1018 1876 1239 1944 Cistercicnses
1254 1878 1335 1963 (etc.
1348 1875 1427 1943 Vid.

180 1964 223 2030 N.
250 1964 428 2050 1573).11.
452 1963 684 2049 Regensburg
709 1974 804 2029 1740.
826 2001 861 2012 -
880 1962 945 2051 (Ι5.
970 1962 1194 2030 Continustio
1219 1962 1426 2030 narrationis

180 2073 295 2116 rerum
318 2074 339 2116 a
363 2049 395 2116 S.
420 2050 589 2116 Boruordo
611 2054 812 2138 gestarum).
829 2088 863 2099 -

201 2268 204 2273 .
238 2189 331 2258 1582.
340 2231 373 2239 -
384 2194 560 2278 Mtzeray,
571 2192 627 2255 dc:
642 2192 765 2273 Atrepc'
778 2192 1012 2272 etrmwopiqae
1028 2192 1066 2257 de
1080 2191 1232 2257 l'hietoirc
1244 2192 1282 2256 de
1291 2190 1428 2257 Franco.

181 2278 289 2342 Teme
312 2278 371 2342 IV.
395 2280 427 2343 A
451 2278 679 2363 Amsterdam,
704 2278 788 2343 chez
810 2276 925 2342 David
948 2276 1102 2343 Mortier.
1130 2287 1222 2343 1740.
1247 2279 1293 2343 8⁰.
1309 2315 1344 2327 —
1362 2277 1427 2361 (Π).

180 2387 214 2451 p.
239 2376 301 2430 354
326 2387 421 2450 seqq.
445 2367 482 2431 dc
510 2366 543 2430 8.
564 2366 760 2451 bernardo).
1176 2369 1178 2372 ⁴

237 2502 333 2572 1583.
345 2542 389 2553 -
401 2506 567 2579 (Michael
590 2528 614 2574 a
631 2505 666 2573 S.
682 2508 830 2656 Jcseph.
844 2506 900 2591 -)
924 2505 1172 2587 Biblioyrcphic
1191 2504 1313 2570 Oritico
1333 2526 1428 2571 sacra

179 2597 208 2658 ct
226 2593 368 2675 profano
389 2591 425 2655 in
445 2599 515 2656 tres
534 2600 648 2658 tomos
672 2601 707 2657 et
724 2613 768 2658 vo
785 2592 902 2657 nmina
921 2615 983 2658 seu
998 2592 1118 2657 Partes
1140 2598 1290 2677 quatuor
1312 2591 1427 2656 distri-

179 2679 281 2745 buta:
298 2678 346 2743 Et
364 2678 488 2764 grandi
504 2679 626 2765 Operi:
644 2679 897 2745 Adumbratum
913 2686 1158 2767 provectorum
1174 2678 1331 2744 Lexicon
1353 2678 1428 2745 sive

180 2765 315 2832 idioma
333 2766 550 2852 Sapientiam
573 2766 741 2853 inscripto
766 2765 894 2853 etjam
917 2767 1036 2854 praelo
1057 2774 1204 2850 maturo,
1251 2765 1426 2832 memissa

179 2852 337 2918 Authore
360 2854 436 2918 ΒΜ.
460 2854 498 2917 Ρ.
520 2853 576 2919 Fr.
596 2854 754 2918 Mictoele
776 2877 797 2918 α
820 2854 1046 2936 81535115.-
1061 2853 1209 2918 Matriti:
1265 2876 1287 2917 x
1311 2852 1427 2940 'hypo-

179 2940 326 3027 graphia
355 2940 499 3005 Antonii
530 2940 652 3005 Marin.
682 2940 786 3005 Anno
809 2940 1049 3007 M.DOOXL.
1075 2941 1133 3006 fol.
1153 2980 1188 2991 -
1208 2939 1275 3027 (Ib.
1297 2940 1375 3005 Vol.
1399 2938 1427 3006 Ι.

179 3051 214 3114 p.
238 3038 414 3093 cci-463:
440 3026 474 3092 S.
498 3027 760 3112 Bernartius).—

232 3131 311 3200 (Not.
331 3148 366 3186 ex
385 3130 517 3185 biblioth.
536 3137 661 3188 monast.
681 3132 813 3204 Ruri).-

236 3252 330 3322 1584.
344 3294 385 3302 —
397 3255 605 3339 (Parisitra
627 3257 670 3323 de
692 3258 739 3324 la.
753 3255 809 3341 -)
828 3254 1073 3340 Ραηέμψίᾳαεε,
1098 3253 1271 3335 Sermone,
1292 3253 1426 3318 Haran-

177 3364 275 3426 gues,
303 3349 339 3406 et
365 3349 480 3406 autres
505 3341 623 3428 pieces
646 3342 872 3427 d'dloquence
898 3365 961 3430 par
983 3342 1041 3407 feu
1064 3341 1111 3407 Μ.
1134 3343 1172 3407 de
1195 3343 1228 3407 lo
1250 3341 1422 3417 Parisios,

178 3429 322 3514 Eveque
343 3429 385 3492 de
405 3428 552 3493 Nismes.
574 3429 601 3492 Ι.
617 3429 725 3513 Paris,
748 3429 885 3516 Gissey.
909 3440 1002 3495 1740.
1025 3432 1091 3495 12⁰.
1105 3467 1132 3476 -
1145 3427 1229 3515 (Ib.:
1252 3427 1427 3511 Panegyri-

178 3538 236 3598 quc
259 3516 297 3580 de
321 3515 367 3580 St.
391 3515 617 3599 Bernord).-
733 3568 742 3581 .

231 3617 309 3689 (Not.
328 3635 365 3672 ex
383 3617 516 3673 biblioth.
534 3617 623 3689 palat.
641 3618 811 3689 Monac).-

718 3797 758 3864 1.
781 3799 881 3864 1741:

235 3934 330 4003 1585.
339 3935 516 4021 -Bayle:
533 3933 1237 4022 Didionnairchistoriqucetoritiq1oe(eto.).
1251 3935 1279 4002 Ι.
1293 3944 1387 4001 1741.
1397 3972 1424 3983 -

180 4020 246 4109 (Ib.
262 4045 296 4109 p.
314 4031 494 4088 eae—538:
513 4021 547 4087 8.
562 4022 742 4107 Bernard).

231 4124 399 4187 (Ohevclier
417 4126 524 4195 278).-

236 4247 330 4317 1586.
344 4288 386 4297 -
398 4250 445 4331 (S.
461 4251 681 4320 Bernardus.
694 4249 750 4334 -)
769 4251 854 4317 Edle
868 4251 1066 4317 hebr-Stilrt
1080 4251 1148 4318 Des
1162 4251 1425 4337 Hocniqfliessen·

179 4338 240 4401 dan
251 4336 400 4419 Heilipen
415 4336 540 4403 Vatters
551 4336 717 4402 Bemordi
728 4337 808 4404 Von
819 4338 892 4403 Der
902 4338 1009 4404 Form
1021 4339 1093 4403 und
1100 4336 1216 4403 Weiss
1227 4339 1299 4404 Des
1312 4337 1425 4403 Geist-

178 4422 294 4488 lichen
309 4422 457 4509 Lebens,
469 4425 544 4489 Aus
557 4422 684 4489 Seinen
699 4423 932 4513 geistreichen
946 4425 1108 4491 Biichern
1122 4448 1287 4513 gezogen,
1302 4426 1373 4491 und
1388 4425 1425 4491 in

181 4510 241 4577 das
254 4511 427 4577 Teutsche
439 4520 599 4578 versetzt.
611 4512 784 4598 Bresslau,
800 4513 971 4599 gedruclrt
985 4512 1021 4577 in
1037 4513 1098 4578 der
1109 4512 1425 4602 Leopoldiniscben

180 4597 750 4686 Universitaets·Buchdruckerey
766 4600 844 4665 Soc.
861 4600 885 4666 J
887 4624 957 4686 esu,
977 4611 1069 4666 1741.
1087 4614 1127 4667 22
1143 4623 1201 4688 pp.
1216 4604 1263 4667 8⁰.
1274 4637 1309 4651 -·

231 4702 303 4775 (Vis.
323 4718 359 4756 ex
378 4701 509 4757 biblioth.
528 4707 659 4759 univers.
676 4702 854 4769 Vratislav.).
865 4735 892 4745 -·

1215 4808 1268 4862 21*
