3240 5242
238 584 331 654 1575.
343 625 378 632 —
393 584 650 671 (Montiaucon.
660 586 716 670 -)
729 584 928 650 Bibliotheca
939 582 1211 651 Bibliothecarum
1223 587 1431 671 Manuscrip

183 677 286 738 torum
299 670 412 737 Novo:
432 670 513 754 Ubi,
538 692 626 756 quae
649 670 838 736 innumeris
861 693 950 757 pene
965 669 1283 758 Manuscriptorum
1298 673 1430 740 Biblio-

182 757 294 824 thecis
318 757 550 835 continentur,
575 756 616 822 ad
642 757 789 843 quodvis
808 758 1026 823 Literaturaa
1046 781 1193 843 genuss
1220 761 1375 827 actantia
1396 769 1430 827 et

182 852 306 911 notatu
323 843 439 929 digna,
463 843 708 909 describuntur
723 852 758 909 at
772 844 980 909 indicantur.
1004 843 1159 911 Auctore
1209 897 1216 911 .
1232 848 1272 913 P.
1288 847 1333 914 D.
1348 848 1428 914 Βον-

183 933 285 998 nardo
301 934 339 997 de
352 932 570 1016 Mcctfaucon,
593 930 825 996 Benedictino
850 930 1140 1016 Congrogationis
1164 933 1283 999 Sancti
1307 934 1427 1000 Mauri.

183 1019 312 1085 'lomus
335 1018 381 1083 Π.
405 1017 558 1102 Parisiis,
582 1018 673 1105 apud
696 1018 872 1084 Briasson.
899 1027 992 1084 1739.
1015 1017 1076 1083 fol.
1091 1058 1117 1067 -

235 1121 291 1192 (Ib.
309 1139 375 1193 pag.
397 1121 559 1175 1384-1392
578 1138 614 1176 ex
632 1120 693 1176 MS.
707 1121 882 1176 Senoniensi
895 1124 925 1176 in
937 1120 1071 1191 vosago:
1090 1123 1239 1193 „Epistola
1251 1124 1283 1180 S.
1296 1126 1429 1180 Bernarrli

183 1209 344 1265 utilissima
362 1216 393 1264 et
409 1209 607 1264 moralissima
624 1209 657 1263 do
672 1210 868 1279 potestatione
880 1209 1017 1278 familiae.
1042 1210 1182 1265 Gratioso
1203 1218 1233 1266 et
1250 1212 1329 1267 felici
1347 1213 1428 1267 militi

183 1296 220 1352 D.
239 1294 405 1352 Raimundo
432 1295 528 1351 Oestri
553 1296 708 1350 Ambrosii.
734 1295 901 1350 Bernardus
926 1299 955 1350 in
980 1299 1095 1351 senium
1117 1297 1270 1368 deductus,
1296 1299 1425 1354 salutem.

184 1383 293 1438 Doceri
311 1384 388 1455 petis
407 1400 425 1436 a
442 1382 528 1437 nobis
547 1387 601 1437 etc.
621 1381 730 1436 Addita
746 1383 866 1438 seraone
881 1383 997 1453 pollice:
1015 1384 1113 1454 „O'est
1130 1384 1251 1453 l’Epitrc
1270 1385 1304 1440 dc
1321 1385 1351 1442 8.
1364 1386 1426 1441 Ber·

182 1470 256 1526 nard
274 1470 312 1524 du
329 1476 535 1541 youacmemcnt
553 1470 599 1524 dcc
617 1471 706 1524 cboaco
721 1470 882 1538 familiares.
908 1470 948 1526 Co
971 1473 1106 1541 gracieus
1131 1477 1162 1526 et
1187 1472 1373 1529 bicnheureis
1393 1490 1426 1528 en

183 1558 304 1613 fortune
323 1574 339 1612 e
357 1556 487 1611 richesae
505 1556 662 1628 Raymond
681 1557 835 1613 Chevaliar
854 1557 933 1612 Sires
952 1557 1011 1612 dou
1029 1557 1341 1617 Chasteil-Ambroise.
1361 1561 1425 1615 Ber·

183 1643 256 1699 nard
276 1643 415 1699 demones
435 1661 473 1697 ou
492 1648 588 1715 temps
607 1643 643 1698 de
662 1643 774 1699 villece.
799 1643 891 1700 Salut.
916 1644 1078 1699 Demandei
1102 1647 1146 1699 aiz
1165 1663 1183 1699 a
1200 1663 1278 1703 nous
1297 1645 1333 1702 de
1353 1654 1426 1702 estre

184 1732 340 1803 ensignea“
360 1737 414 1787 etc.
433 1730 469 1784 In
485 1731 558 1784 linc:
578 1731 649 1801 „Yci
666 1730 724 1785 fine
740 1730 879 1802 l’Epistcr
893 1731 929 1786 de
948 1731 1174 1787 SaintBernard
1190 1733 1262 1803 q'u'il
1280 1751 1426 1805 envoyai

184 1837 236 1876 sur
254 1817 412 1891 Raymond
431 1817 586 1873 chevalier
604 1816 642 1871 du
663 1817 979 1874 chastel-Ambroise“.
1000 1819 1200 1889 Monti'aucon,
1220 1820 1285 1874 Ind.
1298 1837 1363 1892 pag.
1375 1821 1425 1876 LI:

186 1906 339 1978 „Epistola
356 1904 469 1959 Gallice
488 1920 575 1959 versa
592 1904 628 1958 ab
647 1905 712 1976 ipso
730 1903 917 1976 Bernardo“).
929 1936 956 1945 -

239 1993 310 2064 (Via.
329 2009 365 2047 ex
383 1991 516 2046 biblioth.
536 1993 663 2046 univers.
678 1991 863 2049 Vindobona.
876 2024 902 2032 -

241 2132 935 2215 1576.-4Ρ11111.-)1001110100,
954 2133 1180 2219 Confessoris,
1197 2135 1301 2221 primi
1317 2135 1426 2203 Glare-

184 2218 350 2285 vallensis
364 2218 524 2302 Abbatis,
548 2219 662 2284 Patris
679 2227 713 2284 et
729 2220 891 2285 Doctoris
908 2220 1097 2304 Ecclesiae,
1123 2222 1379 2289 Commentario
1395 2236 1426 2287 et

183 2305 431 2373 Notationibus
454 2306 624 2371 illustrata
648 2329 668 2371 a
693 2306 819 2371 Jeonuc
846 2307 952 2385 Pirria,
981 2331 999 2372 e
1024 2307 1200 2373 Societate
1224 2309 1249 2374 J
1251 2331 1313 2375 esu
1338 2332 1426 2397 pres·

183 2393 308 2481 bytero
335 2393 511 2478 theologo.
539 2393 761 2480 Antverpiae‚
791 2395 883 2480 apud
910 2394 1125 2459 Bernardum
1149 2395 1333 2461 Albertum
1356 2396 1426 2461 Van

96 2511 98 2515 ·
185 2481 247 2546 der
260 2480 424 2546 Plassche
444 2491 537 2547 1739.
552 2479 612 2545 fol.
631 2493 648 2545 a
666 2480 744 2546 coll.
759 2520 785 2527 -
799 2489 856 2560 (ux
875 2491 974 2560 „noes
993 2490 1185 2544 Sanctorum“
1205 2489 1279 2562 [viu.
1292 2490 1325 2546 n.
1342 2488 1425 2563 1100]

184 2580 318 2648 separate
336 2577 487 2646 impressa.
507 2574 638 2628 Indicam
656 2592 755 2629 rerum
772 2574 829 2630 vici
849 2575 884 2629 N.
907 2579 1008 2646 1648).
1022 2608 1046 2617 -

242 2715 489 2800 ibit-Reii
513 2717 700 2781 Lcenardus
714 2717 737 2802 ¹)
761 2717 947 2803 (parochus
972 2716 1145 2801 emerituri,
1170 2717 1282 2783 edidit
1304 2717 1427 2783 versio·

185 2825 263 2868 nem
311 2802 520 2868 ermanicam
543 2803 742 2868 bohemicae
763 2803 942 2869 concionis
963 2803 999 2867 P.
1022 2802 1169 2869 Fabiani
1192 2804 1333 2890 Wessely
1348 2804 1426 2891 (vid.

185 2891 227 2956 N.
244 2889 286 2958 14
330 2898 353 2975 1.
368 2890 470 2954 Stadt
485 2913 539 2955 am
555 2888 644 2955 Hoff
653 2890 707 2955 bei
725 2890 750 2956 J
751 2891 806 2955 oh.
825 2891 944 2955 (lastel
963 2900 1055 2956 1739.
1068 2928 1102 2938 -

237 2993 315 3065 (Not.
335 3011 372 3048 ex
391 2993 522 3048 biblioth.
541 2998 668 3049 monast.
688 2993 884 3061 11110101).-

667 3172 760 3239 Ante
784 3175 948 3240 a1740:

241 3310 807 3395 1578.-Bielihski,sewaya¹):
831 3311 982 3376 Karonic
1003 3334 1047 3376 nc
1070 3312 1160 3377 deici
1182 3312 1332 3397 Seoictcpo
1352 3313 1428 3379 Ber-

186 3400 301 3466 nardo.
319 3397 378 3463 fol.
396 3419 423 3463 s.
438 3397 461 3462 l.
478 3419 507 3462 a.
525 3405 559 3461 et
575 3405 649 3483 typ.
666 3419 699 3462 n.
717 3398 790 3479 (sed
808 3406 888 3463 ante
905 3421 934 3463 a.
952 3400 1060 3485 1740).
1072 3436 1106 3447 -

238 3501 293 3568 (De
305 3501 426 3569 Becker,
437 3499 489 3555 Ed.
501 3499 538 3554 11.
546 3499 635 3554 bib-
644 3500 811 3555 Estrcioher
822 3501 876 3555 lX.
887 3501 945 3556 712.
953 3500 1216 3573 -Encyklopedya
1229 3502 1428 3573 powsaechna

185 3588 358 3645 Warszawa
372 3587 446 3659 1860,
459 3605 486 3659 p.
500 3588 559 3641 515.
570 3618 595 3627 -
604 3587 670 3641 Not.
683 3605 719 3641 cx
733 3587 863 3642 biblioth.
876 3590 1004 3643 univers.
1019 3588 1161 3659 (tracon).
1173 3619 1198 3629 -

237 3675 272 3732 N.
294 3676 323 3729 1:
342 3675 407 3730 Soc.
425 3675 501 3729 Jesu
519 3674 681 3746 presbyter,
700 3680 789 3730 natus
808 3691 833 3729 a.
854 3674 929 3745 1689,
948 3679 966 3742 †
987 3675 1061 3730 1740.

728 3853 768 3918 A.
784 3854 889 3919 1740:

242 3990 387 4059 1579.-
402 3990 543 4074 choisy,
567 3988 657 4053 Abte
674 3989 732 4054 dc:
753 3989 897 4056 Histoire
920 3990 957 4055 dc
980 3991 1105 4072 l'cplisc.
1130 3990 1237 4057 Teme
1253 3992 1313 4058 VI.
1336 3990 1429 4058 Paris

189 4086 282 4142 1740.
300 4082 344 4142 4⁰.
357 4112 392 4125 -
416 4075 481 4162 (Ib.
496 4098 576 4163 pag.
594 4085 733 4141 59-175
751 4083 954 4141 enarrantur
966 4082 1056 4160 pecta
1071 4076 1104 4141 S.
1120 4077 1314 4161 Beriarac).
1327 4117 1361 4129 —

243 4232 339 4304 1580.
354 4272 395 4282 -
408 4235 554 4319 (Janka.
567 4236 621 4318 -)
645 4232 890 4299 Farasmanis
914 4233 1093 4299 destillans
1120 4233 1294 4321 religiosis
1317 4255 1428 4322 quam·

132 4317 135 4324 ’
189 4342 336 4406 cumque
366 4320 571 4407 religionem
601 4319 846 4407 profitentibus
879 4320 1024 4385 consilia
1056 4322 1209 4388 remedia
1239 4344 1279 4387 ac
1310 4320 1428 4389 solatia

188 4430 204 4473 s
230 4407 382 4473 iritualia
398 4431 440 4472 ex
457 4430 554 4473 sacra
570 4407 751 4494 scriptura,
764 4429 807 4471 ss.
847 4406 978 4472 atribus
995 4430 1035 4472 ac
1051 4407 1238 4496 praecipue
1255 4431 1298 4474 ex
1310 4408 1427 4474 melleo

214 4498 301 4562 ancti
324 4495 491 4561 Bcraordi
514 4493 650 4560 abbatis
675 4430 941 4559 Claravnllensis
965 4501 1000 4559 et
1030 4494 1183 4561 doctoris
1206 4495 1363 4562 melliflui
1385 4493 1427 4559 al-

188 4582 283 4648 veari
307 4590 483 4666 tamquam
506 4603 525 4645 e
549 4580 749 4646 dulcissimo
773 4580 1021 4645 sententiarum
1044 4581 1215 4669 florilegio
1233 4583 1428 4670 deprompta

189 4668 248 4753 qui
271 4668 420 4733 miscens
445 4667 543 4733 ultile
567 4668 660 4733 dulci
683 4666 823 4751 motiva,
840 4668 963 4753 media,
981 4670 1138 4756 exempla
1160 4669 1305 4757 praebet
1327 4670 1354 4735 Ι.
1376 4664 1426 4733 Ad
