3240 5242
718 367 736 433 5

653 457 807 465 ——-—.-—

99 547 143 612 de
159 551 385 631 ostentatione
394 555 535 639 sorditie.
558 555 725 620 Eiusdem
743 578 849 624 versus
872 557 1067 623 (166611661νηί
1088 557 1134 624 od
1156 560 1349 643 crucifixum.

98 635 176 702 Fol.
200 648 261 704 184
270 661 314 706 vo
336 641 445 724 6612,
465 642 487 707 l.
506 653 540 707 9:
561 642 659 708 Finis
681 642 855 709 Orationis
875 643 969 709 beati
989 644 1159 710 Bernerdi
1184 645 1295 712 abetis
1312 649 1350 736 (l)

100 723 192 789 clare
207 726 319 792 vallis.
333 728 412 813 Seq.
428 729 630 815 Registrum
647 730 761 818 operis
777 729 837 797 fol.
856 741 928 796 185.
943 768 970 779 -

151 827 189 884 8⁰.
211 829 259 883 185
271 830 300 886 ff.
319 830 353 884 30
371 831 400 886 11
419 832 463 886 eh.
480 833 571 904 goth,
592 836 656 889 siue
675 836 748 904 sign.
768 840 842 889 cust.
862 840 892 889 et
909 852 974 905 pag.
992 852 1080 906 num,
1100 839 1164 891 sine
1176 837 1194 892 l.
1208 853 1232 891 a
1247 842 1277 892 et
1289 844 1310 891 t.
1322 854 1350 893 n.

101 914 176 985 ised:
191 916 340 987 Coloniae,
355 919 989 993 [1161126116.1470].-Β611.(16Β11)116611.
1002 922 1076 978 1888.
1086 940 1114 993 p.
1124 922 1182 979 132.
1192 953 1219 964 -
1228 924 1350 996 Butsch,

100 1001 192 1058 Cetei.
206 1005 248 1059 34.
261 1022 288 1076 p.
302 1005 326 1060 9.
337 1036 364 1047 -
374 1005 493 1061 Ceronti
506 1026 533 1078 p.
546 1008 588 1062 52.
600 1008 635 1062 N.
648 1010 690 1064 88.
700 1040 727 1049 -
736 1009 865 1064 Graesse
878 1008 901 1063 I.
914 1008 985 1079 253).
994 1039 1021 1049 -

150 1088 185 1144 N.
200 1091 228 1144 1:
247 1091 398 1163 Masellus,
416 1093 493 1149 male
512 1094 684 1150 1166611166.-

152 1247 184 1314 6.
192 1287 236 1298 -
250 1252 530 1336 (meditationes.
539 1255 595 1339 —)
604 1255 770 1320 Beroordi
778 1255 903 1321 obbatis
914 1255 1143 1321 meditationes.
1155 1254 1186 1319 F
1197 1265 1278 1320 lvo:
1291 1254 1349 1319 Ti·

98 1335 162 1398 tuli
178 1335 355 1403 librorum.
373 1340 492 1406 Five:
511 1341 712 1407 Bernardus
733 1341 775 1406 de
792 1341 969 1427 diligendo
985 1341 1109 1424 Deum,
1129 1341 1205 1406 viro
1221 1340 1348 1407 illustri

98 1421 423 1493 dominoAlmerico
436 1428 582 1493 ecclesie
594 1449 735 1493 romane
750 1429 908 1514 dyacono
923 1427 1088 1492 cardinali
1102 1435 1137 1493 et
1149 1428 1348 1494 cancillario

95 1508 296 1577 Bernardus
313 1513 420 1579 abbas
433 1515 547 1580 dictus
560 1516 604 1581 de
617 1516 821 1581 Gleravelle.
836 1515 912 1581 Ful.
925 1515 1005 1581 ult:
1022 1514 1228 1601 Explioiunt
1240 1514 1348 1580 medi-

96 1596 248 1663 tationes
263 1599 357 1665 beati
373 1601 542 1666 Bernardi
559 1602 694 1668 abbatis
710 1603 863 1667 doctoris
879 1600 1046 1667 melliflui.
1061 1641 1087 1649 -

149 1700 186 1754 8⁰.
214 1702 303 1759 110ff.
327 1721 355 1758 n.
380 1723 488 1760 numm.
513 1705 529 1758 2
548 1705 614 1759 coll.
638 1706 673 1759 40
691 1705 720 1760 ll.
740 1707 804 1760 sine
822 1711 897 1760 cust.
917 1711 947 1760 et
965 1708 1048 1776 sign,
1067 1706 1131 1759 sine
1150 1705 1168 1761 l.
1187 1723 1212 1761 a.
1232 1711 1262 1760 et
1279 1712 1302 1760 t.
1320 1722 1347 1761 n.

96 1786 132 1855 (6.
147 1787 223 1843 1470.
233 1819 260 1828 -
269 1790 406 1846 Biblioth.
421 1789 456 1845 de
470 1791 623 1846 l’Athende
636 1791 672 1846 de
685 1792 894 1863 Luxembourg
907 1792 991 1865 [Bull.
1005 1791 1043 1845 du
1057 1791 1202 1862 Biblioph.
1212 1791 1297 1862 belge
1308 1790 1348 1848 H.

97 1873 126 1928 s.
147 1875 187 1929 10.
206 1892 234 1945 p.
254 1875 313 1931 315.
331 1877 366 1931 n.
385 1877 448 1950 esp.
462 1910 489 1918 -

151 2036 183 2104 7.
199 2075 230 2084 -
250 2037 457 2123 (Opuscula.
469 2041 522 2124 —)
538 2039 637 2104 Flro
654 2046 765 2105 vacat.
789 2040 912 2105 Flvo:
928 2040 969 2103 In
985 2039 1052 2104 hoc
1069 2059 1173 2126 opere
1189 2039 1347 2124 sequenti

97 2122 324 2189 continentur
340 2126 416 2190 libri
430 2150 451 2190 a
468 2127 556 2192 beato
573 2128 729 2193 teotardo
746 2126 871 2191 abbate
888 2126 1129 2190 clareuallensi
1146 2125 1346 2192 dulcissimo

96 2234 136 2276 ac
160 2209 327 2276 mellifluo
348 2212 490 2277 doctore
515 2213 600 2277 editi
625 2236 664 2277 ao
690 2213 878 2300 compilati.
902 2214 942 2278 In
966 2212 1097 2299 primia.
1120 2212 1168 2278 De
1188 2214 1346 2296 dilipcndo

94 2300 186 2363 deum
204 2298 247 2361 ad
262 2299 449 2363 americum
464 2300 685 2366 cardinalem.
702 2301 743 2364 In
756 2323 824 2385 quo
839 2301 992 2365 declaret
1003 2307 1119 2386 preter
1132 2306 1247 2364 cetera
1261 2321 1346 2385 quo-

93 2385 197 2450 modo
216 2384 325 2449 eciam
341 2386 464 2452 iudeus
486 2410 525 2451 ec
545 2387 685 2473 gentilis
707 2388 809 2452 deum
825 2409 896 2453 non
911 2410 1025 2451 amare
1040 2409 1111 2451 non
1126 2394 1245 2473 potest
1258 2437 1265 2451 .
1279 2396 1345 2453 etc.

93 2473 182 2536 Item
193 2474 434 2537 descernere-nto
444 2475 560 2539 ultoris
569 2474 793 2539 deuotissime
803 2482 930 2538 tractat
943 2497 984 2537 ex
998 2480 1196 2538 sanctorum
1207 2480 1345 2560 patrum

94 2558 298 2623 sententiis.
313 2568 377 2624 etc.
395 2561 483 2625 Item
500 2562 568 2625 duc
584 2560 695 2625 libelli
711 2563 888 2645 odsrotres
904 2563 941 2626 dc
957 2567 1058 2626 roorde
1074 2561 1145 2625 Ilei.
1162 2561 1204 2625 In
1219 2559 1345 2646 quibus

92 2646 239 2733 pulchre
253 2648 432 2733 componit
445 2655 480 2712 61
493 2648 631 2712 ordinet
638 2649 729 2713 vites
741 2647 983 2734 religiosorum
993 2648 1106 2732 quoad
1120 2647 1344 2734 incipientes

91 2732 317 2820 proficientes
331 2742 366 2798 et
379 2736 552 2820 perfectos
565 2735 601 2799 in
612 2735 686 2799 vita
698 2736 813 2800 actiua
827 2742 861 2800 et
874 2735 1147 2821 contemplatius
1156 2784 1163 2799 .
1173 2743 1239 2799 etc.
1255 2735 1344 2800 Item

94 2822 330 2902 Apolopdicrim
346 2821 421 2907 ejus
437 2821 528 2886 idest
542 2822 720 2888 excusatio
738 2846 800 2887 sua
814 2830 935 2887 contra
951 2821 1139 2886 monachos
1159 2821 1344 2908 reprehen-

92 2907 208 2972 dendo
233 2929 293 2972 eos
317 2908 360 2972 de
383 2909 550 2974 abusione
577 2909 612 2973 in
639 2908 746 2974 cibis.
761 2908 1091 2996 potibusvestibus
1109 2959 1115 2973 .
1134 2931 1174 2972 ac
1197 2908 1344 2976 edificiis

92 3004 215 3059 eontra
231 2993 429 3059 institutum
443 2996 552 3060 saneti
569 2996 678 3082 patris
693 2996 870 3060 benedicti
885 3046 891 3060 .
906 3004 970 3060 etc.
987 2995 1076 3059 Item
1093 2997 1130 3060 de
1141 2999 1300 3077 preceptis
1315 3003 1344 3062 et

91 3082 328 3163 dispensatione
340 3082 407 3147 Vbi
420 3083 532 3168 primo
545 3083 688 3169 pulchre
701 3082 787 3147 dicit
799 3084 841 3147 do
854 3083 1026 3170 perceptis
1039 3082 1226 3147 mobilibus
1242 3092 1277 3148 et
1291 3083 1343 3148 in-

92 3167 283 3233 mobilibus
293 3218 300 3232 .
310 3177 433 3254 postea
442 3171 541 3256 ponit
549 3170 608 3235 vbi
618 3169 725 3234 abbas
738 3178 854 3256 potest
863 3169 1063 3256 dispensare
1072 3170 1127 3233 vel
1137 3192 1180 3233 ne
1190 3179 1225 3233 et
1234 3170 1342 3236 multa

92 3264 209 3320 cetera
224 3255 318 3320 talia.
336 3257 423 3320 [tem
440 3259 478 3321 do
494 3258 590 3322 libero
606 3259 740 3323 arbitrio
756 3263 784 3322 ct
797 3260 915 3340 pretia.
934 3258 975 3320 In
991 3277 1059 3341 quo
1077 3278 1180 3353 opere
1198 3256 1283 3321 dicit
1300 3258 1342 3323 de

90 3341 221 3428 triplici
238 3342 399 3407 libertate
416 3344 478 3407 scil
493 3394 500 3409 .
514 3344 647 3409 arbitrii
661 3395 668 3408 .
681 3344 817 3430 peccati
839 3352 873 3408 61
892 3344 1138 3408 misericordie.
1162 3343 1261 3408 Item.
1287 3346 1343 3410 Ae

89 3431 252 3511 sicyonium
263 3452 384 3511 popum
393 3432 689 3497 (inconsideratione
698 3431 732 3494 in
743 3431 896 3516 quinque
910 3430 1035 3495 libellis
1049 3430 1085 3494 in
1097 3429 1223 3515 quibus
1232 3433 1341 3497 inulta

88 3515 237 3603 pulchra
254 3515 339 3581 dicit
354 3517 520 3582 videlicet
539 3519 581 3582 de
597 3518 748 3583 romanis
771 3527 806 3582 et
826 3518 868 3581 de
889 3527 981 3582 statu
1002 3539 1120 3582 eorum
1135 3567 1141 3581 .
1155 3517 1197 3581 de
1212 3540 1340 3585 nouem

89 3602 271 3670 ordinibus
285 3605 485 3687 angelorum
499 3605 541 3669 de
555 3606 619 3670 deo
634 3656 641 3669 .
657 3613 692 3668 et
704 3606 745 3668 de
759 3605 893 3670 inferno
908 3655 915 3669 .
930 3613 994 3670 etc.
1008 3606 1096 3668 Item
1109 3605 1341 3673 Medr‘taciooee

88 3690 183 3755 beati
200 3689 360 3755 bernardi
379 3691 620 3756 deuotissimae
637 3692 812 3756 hominem
834 3692 875 3756 ad
894 3692 1197 3778 compunctionem
1215 3701 1250 3756 et
1271 3693 1340 3757 sui·

88 3777 200 3864 ipsius
216 3777 457 3862 cognicionem
474 3779 679 3843 inducentes
696 3801 802 3864 quum
818 3779 923 3844 homo
939 3778 1047 3843 nichil
1065 3778 1159 3842 aliud
1175 3778 1220 3842 sit
1236 3801 1339 3864 quam

88 3887 211 3930 saccus
220 3871 411 3930 stercorum
425 3874 460 3931 et
471 3865 568 3930 cibus
576 3866 744 3930 vermium
757 3917 763 3930 .
774 3873 839 3930 616.
852 3866 1055 3952 Expliciunt
1067 3864 1160 3929 tituli
1173 3864 1340 3933 librorum

87 3951 125 4016 in
138 3951 205 4016 hoc
218 3952 395 4017 volumine
413 3961 666 4019 contentorum.
682 3953 757 4018 Fa:
775 3953 975 4018 Bernartius
989 3954 1030 4017 (16
1044 3952 1221 4038 diligendo
1237 3953 1339 4019 deum

88 4038 195 4122 (eto).
220 4039 322 4103 Nile
341 4040 405 4105 col.
422 4052 452 4105 2.
469 4039 491 4103 l.
509 4050 568 4104 24:
585 4039 790 4127 Expliciunt
805 4040 1055 4105 meditaciones
1070 4039 1163 4104 beati
1175 4039 1337 4105 bernardi

89 4125 228 4191 abbatis
245 4125 397 4191 doctoris
413 4125 582 4192 melliflui.
599 4166 626 4174 -

139 4228 203 4285 Fol.
213 4229 257 4283 ch.
271 4228 361 4298 goth„
378 4230 432 4283 litt.
446 4231 521 4284 initu
534 4232 638 4300 pictae,
657 4231 707 4283 112
723 4232 761 4301 ff,
778 4231 853 4284 male
869 4231 932 4294 111;
949 4231 965 4283 2
982 4232 1145 4301 66114011,
1161 4233 1225 4287 sine
1238 4232 1256 4288 l.
1270 4251 1294 4286 a
1309 4238 1340 4287 et

87 4322 106 4370 t.
116 4333 145 4371 n.
159 4314 312 4379 (Coloniae
325 4318 388 4370 sine
402 4315 505 4377 dubio;
519 4317 580 4371 Ulr.
594 4317 677 4371 Zell'?
687 4317 741 4371 Vel
755 4320 788 4373 A.
799 4317 1027 4372 'I’herhoernen'l
1042 4337 1065 4374 c.
1077 4320 1174 4390 11701)
1188 4322 1251 4373 sine
1264 4322 1337 4389 sign.

87 4413 162 4460 eust.
177 4413 208 4460 et
221 4423 268 4476 pp.
281 4420 308 4457 n.
322 4434 348 4444 -
360 4404 481 4474 Bohme,
494 4404 569 4459 Bibl.
583 4407 686 4460 Pt’orts
696 4405 720 4459 I.
733 4406 758 4460 8.
771 4406 806 4460 N.
819 4406 860 4461 58.
873 4437 900 4446 -
911 4407 1018 4476 Brenn,
1031 4408 1056 4461 N
1060 4411 1123 4462 etit.
1137 4409 1159 4462 Ι.
1173 4410 1214 4464 67.
1224 4440 1250 4449 -
1259 4409 1337 4463 Hain

86 4493 120 4549 N.
135 4493 213 4546 2920.
224 4522 250 4532 -
261 4492 420 4562 Hirsching
432 4492 506 4546 Bibl.
520 4492 559 4546 II.
572 4493 631 4546 216.
641 4525 668 4533 -
678 4494 756 4547 Hist.
770 4494 840 4549 Litt.
856 4492 892 4547 de
908 4493 937 4547 le
949 4494 1061 4548 Fronce
1074 4496 1159 4550 XIII.
1172 4497 1229 4549 218.
1243 4496 1302 4549 223.
1312 4525 1338 4535 -

85 4580 173 4635 Laire
187 4579 209 4634 1.
223 4579 265 4633 93.
279 4579 313 4635 N.
323 4580 370 4643 28;
385 4580 423 4634 ΙΙ.
433 4579 493 4634 321.
503 4611 529 4620 -
540 4579 665 4634 Madden
679 4580 772 4635 Catal.
785 4581 819 4635 N.
832 4580 906 4635 1020.
916 4612 942 4621 -
951 4582 1072 4652 Panzer,
1085 4585 1159 4637 Anu.
1173 4591 1232 4654 typ.
1245 4582 1267 4637 I.
1278 4582 1336 4636 348.

86 4667 119 4721 N.
133 4667 193 4721 530.
206 4698 234 4707 -
246 4666 311 4720 Not.
328 4685 363 4720 ex
377 4666 508 4721 biblioth.
521 4669 656 4738 municip.
670 4668 791 4734 'l'rcvir.,
804 4668 890 4735 cujus
904 4668 992 4722 editio
1007 4669 1057 4733 ..N
1071 4670 1160 4737 460⁴“,
1179 4668 1241 4721 sol.
1253 4667 1334 4735 goth.
