3240 5242
825 399 962 499 .-.¹..24,„„

808 648 848 712 A.
864 650 968 715 1537:

316 784 391 855 477.
401 825 442 833 -
452 786 500 871 (S.
509 787 729 854 Bernartius.
743 787 970 852 Meditationes
982 791 1035 851 010.
1046 788 1101 869 -)
1116 786 1195 850 Divi
1203 787 1368 852 Bernardi
1378 788 1513 853 Aetatis

267 873 494 939 Meditaaones
516 872 762 937 deuotissimae
782 874 825 937 ad
848 873 1019 937 humanae
1042 871 1253 938 conditionis
1277 873 1513 970 cognitionem

266 959 350 1025 alias
371 958 460 1023 liber
481 960 523 1022 de
544 958 675 1023 anima:
698 960 751 1023 Ae
772 960 840 1025 alia
861 960 1030 1045 quaedam
1050 958 1206 1024 eiusdem
1229 982 1269 1025 ao
1289 961 1436 1026 eborum
1455 960 1514 1047 pia

265 1049 426 1129 opuscula.
440 1047 535 1123 Quae
544 1045 680 1127 Omnia,
693 1045 826 1112 indicat
838 1068 985 1131 sequens
997 1046 1143 1133 pagella.
1151 1046 1308 1111 Venetiis
1321 1046 1356 1111 in
1366 1046 1515 1113 Offieina

266 1132 301 1199 S.
312 1132 529 1199 Bernardini.
545 1132 804 1199 MDXXXVII.
821 1136 863 1198 In
877 1134 963 1198 fine:
977 1133 1134 1199 Venetiis
1151 1156 1212 1220 per
1227 1134 1417 1199 Dominum
1432 1136 1515 1200 Ber·

265 1220 449 1286 nardinum
476 1218 684 1304 Stagninum
712 1221 754 1285 (16
781 1221 924 1287 'Pridino
950 1220 1211 1303 Montisferrati‚
1242 1222 1346 1286 Anno
1373 1221 1515 1288 Domini

265 1307 525 1373 MDXXXVII.
540 1346 574 1354 —

319 1411 349 1466 8ο
364 1413 432 1465 min.
449 1410 537 1466 aton:
554 1427 613 1463 non
630 1428 738 1464 numm.
756 1427 823 1463 eum
838 1412 912 1481 sign.
931 1412 995 1466 sine
1012 1411 1193 1465 eust-Fol.
1213 1411 1286 1465 lvo:
1306 1410 1515 1466 Meditationes

267 1498 325 1553 divi
341 1498 491 1553 Bernardi.
510 1497 649 1552 Eiusdem
667 1498 703 1551 de
718 1500 850 1552 interiori
866 1496 963 1565 domo,
979 1496 1065 1568 idest,
1080 1498 1117 1552 de
1132 1500 1312 1553 conscientia
1326 1497 1512 1552 aedificanda.

267 1586 343 1639 Item
363 1585 489 1656 epistola
507 1584 543 1638 de
562 1586 742 1656 perfectione
759 1587 837 1639 vitae
855 1585 1025 1656 spiritualis,
1044 1586 1120 1640 Item
1139 1603 1236 1641 sermo
1253 1586 1288 1640 de
1308 1588 1446 1656 passione
1462 1584 1512 1639 do-

267 1674 348 1727 mini.
367 1672 575 1726 Meditationes
593 1672 653 1725 diui
670 1672 812 1727 Anselmi.
832 1674 1079 1743 Precationesque
1092 1672 1302 1727 devotissimae
1315 1672 1456 1727 eiusdem.
1475 1673 1513 1725 Et

269 1759 412 1830 quaedam
432 1760 490 1814 alia
508 1759 640 1814 eiusdem
660 1760 809 1830 opuscula.
835 1760 991 1814 Tractatus
1010 1761 1089 1814 vitae
1108 1760 1269 1830 spiritualis
1288 1757 1349 1813 diui
1367 1758 1513 1813 Vincentii

270 1844 381 1900 ordinis
399 1846 643 1917 praedicatorum.
663 1846 764 1900 Sermo
786 1846 864 1899 l‘etri
884 1845 1019 1899 Damiani
1038 1844 1209 1900 0661166116.
1229 1845 1417 1900 Enehin'dion
1436 1848 1514 1901 vitae

269 1933 432 2004 spiritualis
442 1933 480 1987 ad
491 1935 701 2004 pausationem
714 1934 875 1987 instituens
886 1932 997 1987 Vtiliter
1007 1939 1038 1987 et
1047 1932 1254 2004 compendiose
1267 1933 1401 1988 authoris
1414 1935 1513 2003 ignoti.

268 2020 448 2074 Exercitium
468 2023 547 2076 vitae
566 2028 597 2075 et
614 2020 762 2092 passionis
781 2020 889 2074 domini
910 2020 947 2074 ad
964 2019 1084 2074 modum
1102 2022 1205 2075 roserii
1222 2020 1402 2075 distinctum.
1421 2020 1515 2075 Divae

271 2106 407 2177 Brigidae
429 2110 579 2163 orationes
598 2106 764 2179 quindecim
786 2106 822 2162 de
844 2109 983 2179 passione
1005 2107 1123 2163 domini.
1136 2138 1162 2147 -
1175 2107 1313 2177 (I'onissi,
1331 2108 1406 2179 App.
1426 2108 1514 2162 Editt.

268 2195 403 2251 Aldin-
417 2196 470 2249 Vis.
490 2213 527 2250 ex
544 2195 676 2250 biblioth.
695 2194 783 2266 palat.
802 2194 972 2260 nonae).-

323 2318 398 2387 478.
412 2358 453 2365 -
469 2320 517 2403 (S.
533 2320 753 2387 Bernartius.
776 2319 858 2384 Vitis
874 2319 1024 2401 Myslim,
1042 2319 1117 2400 belo.
1136 2318 1190 2403 —-)
1214 2317 1359 2383 Tranioni
1378 2340 1442 2383 vau
1461 2319 1516 2382 der

272 2411 438 2489 wpnpueri
455 2408 666 2492 Antwerpen
687 2416 779 2471 1537.
793 2443 827 2452 -

322 2508 413 2578 (Moli,
427 2510 471 2562 lle
485 2509 620 2577 Boekerij
636 2526 692 2561 van
709 2509 761 2562 het
773 2508 814 2563 St.
829 2507 1095 2561 Barbara-Klostor
1111 2514 1141 2561 te
1155 2507 1235 2561 nent
1250 2508 1515 2579 [Verbandelingen

269 2596 321 2651 der
334 2597 411 2650 Kon.
425 2595 517 2651 Akad.
531 2614 588 2650 van
604 2595 871 2666 Wetensehappen.
884 2596 907 2649 Ι.
921 2594 1108 2649 Amsierdam
1122 2594 1196 2649 1858.
1211 2614 1237 2665 p.
1251 2595 1314 2667 39]),
1324 2627 1349 2635 -

314 2721 389 2789 4711.
403 2760 444 2767 -
457 2720 647 2802 71111110τὰ,
666 2718 820 2783 Riehard
833 2741 840 2782 :
853 2719 885 2782 A
905 2717 1042 2803 dialogo
1062 2741 1101 2785 or
1121 2719 1418 2785 communieneion
1439 2719 1515 2818 byt-

271 2831 392 2873 wenne
409 2807 468 2870 the
485 2812 603 2870 curate
617 2856 624 2869 .
639 2856 646 2870 .
661 2855 668 2871 .
684 2805 749 2870 end
766 2804 824 2869 the
838 2805 1047 2891 parochiana
1062 2857 1068 2870 .
1083 2858 1090 2871 .
1107 2806 1162 2872 for
1177 2830 1197 2870 6
1209 2807 1275 2872 due
1289 2828 1515 2893 preparamon

270 2904 355 2961 unto
364 2894 599 2979 howaelynge.
611 2895 675 2958 lte
685 2894 1056 2976 morboso·itausbolders
1066 2895 1514 2978 11111060111061166110(66066-

271 2983 337 3047 bed
355 2991 439 3047 anto
459 2979 1047 3067 606611166661616616161161616
1066 3002 1126 3045 ora
1146 3002 1323 3046 erosnowe
1344 2981 1452 3045 called
1473 3003 1516 3044 an

271 3071 313 3135 A.
325 3071 366 3136 Β.
381 3070 417 3135 Ο.
436 3070 490 3155 (of
502 3071 613 3153 Saynt
628 3068 899 3153 Bonaventnre).
916 3076 1014 3153 apts.
1029 3067 1125 3132 John
1137 3067 1341 3153 Waylande‚
1356 3068 1514 3149 London,

273 3166 367 3222 1587.
385 3161 431 3221 4⁰.
445 3195 471 3202 -

323 3261 406 3330 (Brit.
419 3259 495 3313 Mus.
509 3260 571 3313 cat.
586 3259 696 3329 „Berg“
711 3256 1187 3330 116-1361166]0616661166.
1205 3266 1235 3311 to
1251 3258 1326 3325 1640,
1345 3256 1367 3310 I.
1383 3256 1447 3323 133;
1462 3257 1516 3312 111.

273 3348 394 3419 uae).-

815 3470 854 3537 Α.
869 3472 974 3543 11138ε

324 3610 401 3680 480.
414 3650 456 3658 -
468 3611 516 3695 (S.
529 3609 748 3676 Bernartius.
761 3607 908 3672 Florales
920 3612 974 3671 etc.
993 3612 1043 3694 -)
1057 3609 1208 3673 ductores
1219 3610 1283 3671 0010
1297 3604 1380 3693 (vid.
1392 3606 1434 3671 N.
1447 3606 1515 3687 97).

271 3696 435 3783 Lugduni
450 3719 513 3783 per
527 3695 634 3760 Math.
649 3694 876 3759 Bonhomme.
893 3714 1173 3759 Moxxxt'llt.vl11
1189 3692 1318 3757 martis.
1333 3732 1359 3741 -

326 3800 363 3856 8⁰.
377 3800 457 3871 goth.
471 3800 603 3871 (Eminet,
616 3798 736 3852 Manuel
748 3799 770 3852 Ι.
784 3798 854 3868 too).
863 3829 889 3836 -

324 3922 400 3991 481.
411 3964 452 3971 -—
462 3929 472 4004 1
476 3926 508 3991 S.
521 3923 741 3991 Bernartius.
755 3922 901 3987 Flemina·
913 3926 966 3985 elif.
984 3923 1034 4004 —)
1049 3921 1198 3985 finctores
1210 3925 1275 3985 octo
1291 3920 1425 3986 morulas
1438 3920 1516 4005 (eto.

271 4010 349 4075 Vid.
366 4012 408 4076 N.
424 4010 492 4095 1171.
507 4008 670 4095 Lugduni
688 4010 779 4095 apud
795 4008 1035 4073 Theobaldum
1050 4009 1239 4093 paganum.
1260 4018 1351 4071 toea.
1370 4010 1416 4090 82¹.
1431 4044 1458 4054 -

323 4114 457 4186 (Fysben
472 4113 564 4168 Calai,
579 4111 781 4165 Buttmann.
795 4112 864 4182 389).
874 4142 900 4150 -

324 4235 401 4304 482.
414 4276 455 4283 -
470 4239 517 4320 (S.
534 4238 752 4305 Bernardus.
772 4234 1006 4299 limitationes.
1032 4234 1082 4318 —)
1103 4233 1183 4297 Iliei
1201 4233 1364 4297 Ilenturdi
1383 4231 1519 4296 sibbuiis

273 4325 498 4389 Meditatiomu
522 4322 766 4387 deuotissimae
789 4322 832 4384 ad
856 4322 1025 4385 humanae
1050 4320 1258 4385 oomlitionis
1283 4318 1518 4403 cognitionem

274 4410 454 4475 aliasliber
463 4409 505 4472 de
514 4409 641 4473 anima:
652 4410 705 4473 Ao
719 4409 787 4473 alia
795 4408 963 4491 quaedam
972 4406 1126 4471 eiusdem
1135 4414 1170 4471 61
1182 4406 1328 4471 aliorum
1340 4405 1518 4492 opuseula.

273 4498 367 4576 Quae
384 4495 509 4561 Omnia
524 4495 662 4561 Iudicat
680 4516 829 4581 sequens
848 4494 996 4580 pagella.
1014 4493 1171 4558 Venetiis
1187 4492 1518 4557 M.D.XXXVIII.

325 4599 382 4653 'lit
390 4617 441 4655 vo:
455 4601 500 4655 De
512 4602 642 4655 interiori
654 4600 749 4669 domo,
763 4598 848 4669 idest,
860 4598 897 4652 de
909 4599 1090 4653 conscientia
1101 4595 1295 4651 aedificanda.
1305 4597 1381 4650 Item
1394 4594 1521 4667 epistola

273 4685 310 4741 de
318 4688 499 4759 perlectione
508 4690 589 4743 uitae
602 4688 763 4761 spuitualis
771 4686 862 4742 ,Item
871 4703 967 4741 sermo
978 4685 1014 4740 (16
1023 4686 1162 4757 passione
1173 4682 1520 4738 Dommi.Meditationes
