3240 5242
753 384 906 481 EI.-

259 570 320 626 Fa:
333 571 447 628 ‘Pabula
455 590 624 629 sermonum
637 572 725 627 huius
734 572 901 627 voluminis.
914 572 937 627 F
948 574 978 626 5:
991 572 1060 627 Divi
1072 570 1212 626 Bernardi
1221 571 1347 626 Abbatis
1361 572 1451 626 clare·

205 659 348 716 vallensis
366 659 477 714 ordinis
496 658 701 715 cisterciensis
717 658 845 713 doctoris
864 658 1047 714 devotissimi
1067 658 1179 713 Omelie
1199 666 1229 713 et
1247 675 1400 714 sermones
1416 658 1453 714 de

207 752 342 818 tempore
360 745 444 801 etde
470 748 594 800 sanetis:
613 745 716 800 multis
734 764 786 818 per
804 748 873 800 anni
891 746 1038 800 circulum.
1058 746 1285 801 solennitatibus
1301 753 1330 801 et
1349 745 1452 801 diebus

207 831 397 887 accomodati.
413 832 453 886 Et
465 834 558 903 primo
576 831 688 887 Omelie
701 850 790 903 super
803 833 969 903 evangelio:
985 833 1096 887 Missus
1110 838 1156 886 est
1168 832 1290 902 angelus
1307 833 1419 903 gabriel
1436 850 1454 886 a

207 917 286 974 Deo:
304 917 341 973 ad
355 919 500 974 honorem
518 920 716 974 sacratissime
732 936 848 990 semper
863 921 985 990 virginis
1001 921 1091 973 marie
1107 919 1192 973 edite.
1208 920 1232 973 F
1245 919 1347 989 lsslvo,
1360 918 1453 975 oola:

208 1007 276 1061 Divi
283 1005 423 1060 Bernardi
435 1006 550 1061 abbatis
563 1006 783 1062 clarevallensis
795 1005 904 1061 ordinis
914 1008 1120 1080 cysterciensis
1130 1006 1259 1061 doctoris
1269 1007 1453 1062 devotissimi

208 1098 239 1147 et
246 1091 379 1147 melliflui
388 1092 494 1148 omelie
504 1098 534 1147 et
543 1109 696 1148 sermones
708 1092 744 1147 de
757 1100 887 1164 tempore
898 1099 928 1147 et
940 1095 1050 1148 sanctis
1059 1093 1161 1148 multis
1171 1111 1223 1164 per
1233 1096 1301 1147 armi
1312 1094 1452 1148 circulum

208 1178 435 1235 solennitatibus
449 1185 479 1233 et
491 1178 594 1233 diebus
607 1179 789 1235 accomodati
805 1180 912 1250 quibus
925 1185 956 1234 et
968 1179 1109 1235 nonnulle
1125 1183 1188 1235 eius
1204 1180 1312 1235 devote
1329 1180 1453 1251 epistole

207 1266 305 1322 addite
320 1274 391 1322 sunt
405 1266 628 1337 diligentissime
642 1266 802 1322 emendati:
820 1274 849 1321 et
862 1266 1056 1321 solertissime
1069 1269 1204 1338 castigati
1220 1268 1345 1322 feliciter
1363 1269 1452 1339 expli-

208 1358 297 1411 ciunt.
313 1355 454 1426 Impressi
472 1354 606 1423 Venetijs
624 1371 676 1425 per
691 1354 854 1408 Iohannem
870 1355 1035 1409 Emericum
1051 1353 1087 1408 de
1106 1357 1186 1424 spira
1200 1354 1375 1409 alemanam.
1393 1356 1451 1410 Sub

208 1460 286 1497 anno
297 1443 506 1497 incarnationis
516 1441 686 1496 dominicae.
703 1441 917 1496 M.(1000.xcv.
931 1447 1036 1511 quarto
1053 1440 1118 1495 idus
1134 1445 1263 1497 martias.
1281 1442 1452 1512 Registrum

207 1531 290 1599 (etc).
299 1529 434 1601 Sigillum
443 1547 509 1584 oum
515 1529 609 1583 literis
617 1546 623 1582 :
631 1531 660 1585 J.
669 1531 701 1586 11.
710 1528 770 1583 soil.
780 1529 814 1583 :J
815 1528 946 1581 ohannes
954 1528 1114 1581 Emericus.
1121 1528 1144 1581 F
1152 1527 1204 1581 232
1215 1547 1276 1583 vac.
1284 1532 1354 1585 -4⁰.
1362 1530 1414 1583 232
1422 1531 1450 1584 ff.

207 1618 250 1673 ch.
260 1617 341 1687 goth.
355 1616 371 1669 2
384 1615 450 1670 coll.
460 1614 534 1669 4811.
547 1632 613 1669 cum
626 1617 709 1684 sign,
723 1616 787 1669 sine
799 1620 873 1668 cust.
887 1631 953 1668 cum
963 1632 1045 1685 pagg.
1055 1632 1133 1668 num.
1148 1615 1239 1668 1-225
1249 1617 1277 1687 (4
1286 1617 1314 1671 ff.
1322 1617 1452 1687 praelim.

207 1711 238 1759 et
246 1704 304 1758 duo
318 1703 346 1758 ff.
357 1708 426 1774 post
440 1701 489 1756 fol.
500 1702 524 1757 8.
535 1718 711 1756 nonnumm.
721 1732 747 1742 -
756 1700 918 1755 Audiffredi
932 1701 1023 1757 Catal.
1037 1701 1173 1757 Casanat.
1188 1701 1209 1755 1.
1221 1702 1313 1755 572-
1322 1703 1398 1757 Bull.
1415 1704 1453 1758 du

205 1790 351 1861 Biblioplr.
368 1789 441 1843 1890.
451 1789 485 1844 N.
498 1788 851 1859 139‚-Denis,Supp1.N.
862 1787 1061 1842 saba-Ham
1071 1788 1106 1842 N.
1119 1789 1196 1845 2349.
1208 1822 1231 1828 -
1241 1790 1319 1846 Hist.
1333 1792 1404 1845 Lit-t.
1418 1792 1454 1845 de

206 1877 236 1932 la
244 1878 356 1932 France
365 1876 449 1932 XIII.
462 1875 521 1933 218.
532 1876 753 1945 22l.-Panzer,
763 1878 839 1929 Ann.
852 1882 912 1947 typ.
926 1875 980 1931 III.
991 1875 1049 1929 380.
1062 1876 1099 1930 N.
1111 1876 1453 1947 1973.-Pennino‚Bibl.

206 1965 330 2020 Palerm.
345 1963 369 2019 1.
381 1963 415 2020 N.
432 1964 536 2029 179).-

265 2085 388 2155 182.-
398 2088 607 2173 (Speculum
614 2090 692 2155 vite
702 2088 920 2183 spiritualis.
931 2086 986 2172 -)
997 2086 1026 2150 F
1036 2097 1067 2150 1:
1083 2087 1455 2174 iSheeulunrosfitiimmse

208 2175 441 2257 expositorium.
457 2173 597 2238 Mistica
619 2173 790 2259 expositio
810 2173 914 2237 misse
935 2171 1043 2237 vitam
1063 2181 1099 2237 et
1118 2173 1313 2259 passionem
1335 2175 1455 2241 christi

209 2260 395 2345 allegorice
411 2268 684 2346 repraesentans.
701 2258 834 2324 Tabula
849 2259 959 2323 sancti
976 2259 1222 2325 Beneventure
1239 2261 1281 2325 de
1298 2262 1455 2327 conside·

207 2347 324 2413 randis
334 2347 501 2412 amissam
511 2346 752 2427 celebraturis(
756 2354 846 2423 etet.
860 2347 1229 2429 Spemhunpeccatoum
1239 2348 1455 2436 (Speculum)

216 2435 283 2500 Vr'te
293 2435 565 2518 spiritual-isbaab
573 2434 736 2499 lic-niardi
749 2432 787 2514 (S
814 2434 964 2515 aeidum)
974 2434 1192 2515 Aponisantis.
1206 2435 1332 2501 Parvo
1344 2460 1350 2500 :
1364 2437 1455 2501 Iuci-

208 2523 261 2609 pit
276 2521 454 2609 speculum
469 2528 701 2607 peecatorum.
716 2520 771 2598 (Q)
807 2519 922 2585 oniam
936 2519 1134 2585 charissime
1147 2521 1183 2585 in
1197 2520 1254 2586 via
1266 2523 1370 2587 huius
1384 2524 1456 2588 vite

207 2608 375 2695 fugientis
390 2631 507 2673 sumus
517 2658 525 2673 .
535 2608 607 2672 dies
623 2607 733 2673 nostri
750 2606 840 2672 sicut
854 2607 975 2672 umbra
989 2616 1200 2694 pretereunt.
1224 2610 1319 2674 Fas:
1342 2611 1456 2693 thecu-

209 2698 273 2762 lum
285 2697 368 2762 beati
379 2696 541 2761 Bernardi
552 2694 677 2759 abbatis
690 2694 946 2760 Olareuollensis.
959 2693 1026 2759 hoc
1043 2704 1095 2759 est
1106 2696 1203 2760 velut
1214 2696 1333 2762 unctio
1346 2698 1456 2762 nardi.

208 2784 346 2849 From:
364 2781 493 2869 incipit
508 2781 687 2867 speculum
702 2780 896 2867 peccatoris
913 2780 1136 2865 agonisantis.
1149 2783 1291 2848 saevo:
1308 2784 1403 2849 Mors
1418 2800 1457 2849 vt

209 2870 274 2935 init
293 2869 381 2933 nihil
402 2891 476 2933 esse
497 2868 579 2933 sinit
599 2888 691 2932 mora
707 2865 822 2932 omnia
837 2867 923 2932 finit.
940 2868 1140 2953 Appellatio
1155 2871 1349 2955 peccatoris
1366 2894 1386 2936 a
1402 2872 1457 2936 dei

209 2956 347 3022 iusticia
359 2956 402 3020 ad
413 2956 486 3020 eius
495 2954 765 3020 misericordiam
774 2954 798 3019 J
800 2954 921 3019 oannis
932 2954 1097 3020 Gereonis
1105 2979 1168 3042 per
1176 2956 1318 3021 modum
1331 2958 1457 3023 oratio·

208 3044 263 3108 nis
276 3056 310 3108 et
323 3042 560 3109 coiifessionis.
576 3043 617 3106 In
630 3040 715 3106 fine:
734 3040 832 3105 Sicut
843 3040 1001 3127 impressi
1015 3041 1159 3107 antehae
1172 3042 1328 3128 plerique
1340 3044 1420 3109 libri
1429 3084 1455 3094 -

209 3132 310 3196 Bono
326 3129 433 3215 igitur
446 3129 576 3194 animo:
592 3137 692 3213 grato
708 3136 742 3192 et
758 3127 921 3193 beniuolo
937 3128 1185 3193 iucundissime
1197 3130 1307 3195 lector
1319 3130 1456 3218 accipe:

211 3217 303 3303 quod
319 3217 355 3281 in
371 3239 477 3282 unum
494 3215 668 3301 congessit
684 3214 841 3301 predicta
856 3216 1034 3365 (ppuscula.
1051 3216 1223 3281 Prouidus
1239 3230 1275 3281 et
1289 3216 1457 3284 honestus

209 3303 382 3369 Henricus
403 3303 624 3368 knoblotzer:
653 3302 844 3388 Impressor

211 3390 341 3456 domini
351 3392 374 3457 J
377 3390 523 3456 ohannis
532 3388 772 3487 Lampssheim
785 3387 1018 3474 procuratoris
1028 3389 1065 3453 in
1077 3389 1316 3474 hirschgarten
1324 3394 1347 3477 ¹)
1360 3391 1457 3457 iuxta

211 3500 326 3542 muras
339 3480 377 3559 h)
394 3476 542 3561 insignis
560 3474 713 3541 ciuitatis
730 3475 981 3540 womnatiensis
997 3477 1102 3560 (ete).
1127 3476 1337 3562 Iinpressurn
1352 3480 1456 3545 Anno

210 3564 234 3629 J
237 3587 298 3629 esu
315 3563 445 3629 christi.
462 3563 648 3628 Millesimo
669 3561 1008 3647 qurulringentesimo
1025 3563 1055 3627 N
1059 3563 1257 3647 onagesimo
1277 3564 1400 3649 quinto
1417 3566 1453 3653 iij

212 3651 377 3716 kalendas
389 3651 513 3717 Julius.
528 3691 554 3699 -

263 3755 294 3806 4⁰
306 3756 383 3826 min,
397 3755 431 3808 30
445 3754 473 3809 ff.
488 3754 531 3808 ch.
543 3755 624 3824 goth.
639 3772 705 3808 cum
720 3755 793 3824 sign.
811 3756 874 3807 sine
889 3762 962 3808 cust
977 3760 1007 3808 et
1019 3771 1065 3824 pp.
1075 3772 1153 3808 num.
1166 3754 1258 3809 20011.
1275 3755 1302 3809 ll.
1316 3756 1420 3810 46-47.
1431 3788 1457 3797 -

900 3300 1169 3387 eidelbcrgensis
1190 3303 1340 3390 auspitio
1362 3306 1457 3390 (ete.)

212 3843 293 3905 (Brit.
303 3841 378 3896 Mus.
390 3842 1009 3914 Cat„Berg“183.-Denis‚Supplh'dtssd.
1020 3874 1046 3883 -
1054 3842 1457 3911 Grus,Verz.159.-Panzer‚

211 3933 287 3986 nnn.
305 3937 365 4001 typ.
376 3931 399 3984 I.
411 3931 473 3984 459.
489 3930 523 3983 N.
536 3930 576 3984 12.
585 3960 611 3969 -
622 3929 786 3983 Roseuthal
802 3929 895 3985 Catal.
908 3929 950 3986 22.
966 3930 999 3985 N.
1017 3928 1098 3987 7725:
1112 3928 1154 3984 36.
1166 3929 1199 3983 N.
1217 3929 1291 3983 1289.
1302 3961 1327 3969 -
1336 3929 1404 3985 Not.
1421 3950 1457 3985 ex

213 4015 345 4071 biblioth.
358 4019 486 4071 univers.
498 4015 606 4085 Risit).
617 4046 644 4056 -

265 4102 299 4157 N.
309 4104 330 4158 1.
342 4103 545 4175 Kirscbparten,
555 4103 870 4174 Hortus-Cerasorum,
887 4104 956 4159 olim
972 4103 1143 4157 monialium
1156 4102 1405 4175 cisterciensium,
1421 4105 1458 4160 ab

212 4208 238 4245 a.
265 4189 331 4243 1448
345 4190 559 4246 canonicorum
572 4208 649 4261 regg.
662 4189 756 4245 sedes.
767 4221 793 4230 -

725 4340 759 4406 C.
784 4360 814 4407 a.
838 4342 942 4406 1495:

272 4468 343 4537 l83.
353 4507 395 4515 -
408 4469 588 4554 (Epistola
602 4469 648 4535 ad
660 4468 914 4552 Raimundum‚
925 4468 1016 4551 pall.)
1034 4507 1066 4515 —
1085 4468 1137 4554 Gy
1150 4492 1194 4533 en
1208 4468 1277 4534 suit
1288 4492 1356 4535 vne
1369 4470 1459 4535 belle

214 4554 370 4621 doctrine
383 4563 418 4619 et
430 4554 690 4640 enseignement
702 4574 768 4637 que
783 4556 870 4619 saint
881 4555 1008 4620 arrian
1024 4576 1161 4641 enuoya
1176 4579 1196 4620 a
1210 4578 1323 4622 remon
1334 4557 1459 4623 eheua·

213 4641 277 4707 lier
292 4641 452 4727 seigneur
468 4640 510 4705 de
527 4640 690 4705 chasteau
706 4639 885 4705 ambroise.
900 4680 926 4690 —
975 4672 978 4679 ·
