3240 5242
692 400 801 494 123-

150 584 278 656 (Dibdin,
288 586 362 658 Typ.
372 589 472 659 Antiq.
485 586 540 641 ΠΙ.
554 587 596 641 67.
609 587 642 643 N.
657 588 716 641 799.
726 586 897 642 -Johnson
910 587 1004 643 1486.
1015 589 1198 645 -Lewndos
1212 590 1236 647 Ι.
1249 590 1310 646 256.
1320 622 1348 632 -

99 673 255 740 Perennis,
275 673 376 745 Suppl.
396 675 504 745 313).-

640 828 680 893 A.
697 829 800 894 1534:

151 961 227 1031 472.
237 1003 278 1010 -
291 966 340 1048 (S.
353 966 573 1033 Bernartius.
590 965 640 1029 De
657 967 775 1031 Grai-ie
789 971 842 1030 ele.
857 967 912 1047 -)
924 965 1008 1030 Divi
1020 966 1186 1031 Berrrardi
1197 966 1347 1032 Abbatis

98 1049 318 1116 Glarevallis:
343 1050 474 1117 ordinis
501 1051 757 1116 Oistoreiensis:
781 1052 945 1118 Deeteris
966 1052 1184 1117 disertissimi
1204 1076 1243 1118 ae
1263 1076 1345 1119 vere

97 1136 263 1219 melliflui,
281 1139 319 1203 de
340 1138 457 1203 Gratia
473 1143 501 1203 el
516 1140 612 1204 libere
627 1140 762 1204 arbitrie
778 1146 956 1204 tractatus.
972 1140 1014 1203 In
1026 1138 1111 1204 fine:
1129 1140 1235 1226 Apud
1249 1149 1346 1206 anto-

97 1223 193 1374 nijrgm
211 1225 399 1309 agerellum
415 1224 479 1289 sub
496 1225 647 1310 insignio
664 1226 706 1291 D.
718 1227 848 1311 Iacebi,
864 1227 922 1291 via
939 1227 981 1291 ad
999 1234 1157 1291 sanetum
1169 1227 1345 1293 Iacobum.

101 1324 115 1374 l
164 1322 193 1375 4.
207 1350 241 1357 -

150 1415 185 1466 44
202 1415 231 1469 ir.
248 1432 356 1469 numm.
373 1433 440 1469 cum
456 1417 529 1486 sign.
547 1434 569 1471 s.
588 1424 661 1471 cust.
677 1418 707 1470 8⁰
722 1419 789 1471 inIn.
802 1417 926 1487 -fflist
945 1417 1015 1472 Litt.
1034 1418 1070 1473 de
1085 1417 1115 1472 Ia
1131 1418 1242 1472 Franoe
1260 1418 1345 1474 XIII.

97 1502 158 1556 222.
167 1532 194 1542 -
208 1503 261 1556 Vis.
275 1521 311 1557 ex
326 1502 455 1557 biblioth.
470 1503 557 1573 palat.
571 1503 754 1574 Vindobon.).
765 1535 790 1543 -

150 1650 277 1719 473.-
290 1653 325 1719 S.
341 1654 519 1721 Bernardi
543 1656 646 1735 Opere
666 1655 790 1730 (ironia,
814 1652 982 1739 impressa
1001 1653 1037 1717 in
1056 1653 1183 1740 insigni
1205 1656 1345 1740 Lugdu-

99 1738 197 1802 nensi
223 1739 377 1824 emporio
401 1739 572 1804 industria
597 1750 632 1804 et
659 1740 820 1826 expensis
847 1740 948 1827 probi
974 1740 1037 1805 viri
1061 1742 1209 1807 Jeannis
1234 1743 1344 1808 Glein.

99 1824 218 1890 Finita
235 1825 415 1911 impressio
432 1827 594 1892 Calendis
610 1828 759 1912 Augusti
780 1839 872 1893 1534.
887 1868 913 1875 —

149 1929 260 2001 (Hujus
271 1929 417 1997 editionis,
431 1948 448 1983 a
458 1931 543 1985 nobis
555 1932 666 1985 incerto
678 1950 714 1985 ex
726 1931 809 1985 fonto
818 1931 985 2003 adnotatae,
997 1936 1098 2003 paucis
1111 1935 1245 1987 meminit
1256 1934 1345 1988 Caro-

98 2017 145 2071 lus
161 2018 307 2072 cremnos
320 2035 346 2088 p.
360 2018 419 2071 392.
432 2018 500 2071 Alia
513 2018 624 2088 latent).
635 2051 660 2059 -

639 2224 678 2288 A.
695 2225 799 2290 1535:

149 2368 225 2437 474.
246 2410 275 2416 -
286 2371 334 2453 (S.
343 2371 563 2439 Bernartius.
574 2409 600 2416 -
612 2370 848 2434 meditationes.
859 2370 913 2456 —)
926 2365 1007 2435 Divi
1019 2371 1185 2436 bernardi
1196 2371 1345 2436 Abbatis

98 2456 325 2523 indidimus
341 2456 595 2522 devotissimae.
617 2457 670 2520 Ae
691 2456 758 2520 ulia
778 2456 945 2541 quaedam
965 2457 1120 2522 eiusdem
1142 2466 1177 2521 et
1198 2457 1345 2523 alierum

97 2542 155 2627 [ria
170 2546 329 2624 errriseulu.
344 2583 377 2590 -
391 2544 429 2607 In
445 2544 531 2609 fine:
549 2543 704 2609 Venetiis
720 2566 783 2629 per
793 2545 967 2609 loannem
982 2544 1190 2609 Patavinum
1207 2553 1241 2609 et
1254 2546 1283 2609 V
1286 2568 1345 2609 eu·

97 2629 251 2693 turinum
267 2631 309 2694 de
326 2632 525 2695 ltuffinellis
538 2631 643 2696 Auno
661 2630 789 2695 domini
805 2631 900 2694 M.D
913 2681 920 2696 .
932 2632 1081 2695 XXXV.
1102 2638 1164 2696 12⁰.
1182 2672 1215 2679 -

151 2734 267 2801 (Boeea,
281 2734 373 2789 Cetei.
384 2735 509 2790 XXVII.
521 2734 555 2789 N.
566 2736 644 2789 811-
654 2734 731 2788 Hist.
742 2734 812 2788 Liu..
824 2733 860 2787 de
870 2734 898 2787 la
908 2735 1018 2788 Franoe
1028 2734 1115 2791 XIII.
1126 2736 1185 2788 224.
1197 2768 1220 2774 -
1231 2736 1345 2789 Panzor

97 2823 173 2874 Arm.
187 2832 247 2891 typ.
261 2821 314 2877 XI.
328 2823 387 2875 535.
400 2821 434 2875 N.
450 2822 524 2877 1877.
539 2822 575 2892 b).
587 2852 612 2862 -

150 2971 225 3039 475.
242 3012 284 3019 -
301 2973 557 3058 (clichtoveus.
576 2982 631 3057 -)
656 2972 820 3038 b'erorerws
841 2972 959 3037 Judeei
985 2973 1164 3049 Clicdleeei,
1188 2973 1343 3059 Neoper·

98 3067 190 3125 tuen.
209 3058 374 3124 Doetoris
393 3059 561 3144 'l'heelogi
583 3068 618 3122 et
638 3060 822 3124 Garneten.
847 3058 1025 3141 (lunoniei,
1046 3059 1212 3123 studiosis
1236 3060 1345 3124 emni-

98 3143 172 3227 bus
189 3145 269 3209 huie
285 3145 505 3231 potissimum
521 3146 669 3232 temperi
686 3145 734 3219 (in
751 3167 819 3230 que
837 3146 879 3209 de
894 3145 1073 3230 religione,
1095 3153 1130 3210 et
1144 3146 1213 3210 fide
1229 3169 1345 3213 saero-

97 3240 218 3297 saueta
237 3234 315 3318 plus
339 3255 449 3317 aeque
474 3232 757 3313 controuertitur)
780 3255 998 3318 summepere
1021 3233 1217 3301 necessarii.
1242 3234 1343 3300 Cele-

96 3319 304 3401 niae,An110
320 3320 355 3383 Μ
366 3370 372 3384 .
383 3321 567 3385 DXXXV.
588 3321 648 3385 fol.
664 3359 697 3367 -
713 3328 766 3397 (lb.
786 3328 848 3380 Fel.
868 3326 1086 3382 COve-CCII:
1105 3328 1148 3382 De
1165 3334 1259 3382 sancto
1280 3330 1344 3382 Berb

97 3424 186 3476 narde
211 3424 382 3477 contessore
408 3430 437 3477 et
460 3424 574 3493 abbate,
599 3441 700 3478 sermo:
724 3426 753 3478 S.
778 3423 945 3477 Bernardus
969 3424 1088 3478 lucerna
1113 3423 1342 3478 ardens-Pel.

99 3508 377 3565 CCLVI—CCLIX:
397 3511 490 3564 Sermo
506 3512 539 3565 de
553 3517 646 3565 sancio
660 3511 811 3565 lirrnarde.
821 3512 933 3565 -Nott
951 3529 988 3565 ex
1003 3511 1133 3566 biblioth.
1152 3517 1278 3566 monast.
1292 3511 1342 3565 Al-

98 3597 195 3651 tovad.
215 3608 246 3651 et
264 3598 351 3667 palat.
371 3598 539 3667 Menae).-

638 3751 678 3815 A.
693 3751 797 3816 1536:

149 3885 225 3954 476.
235 3926 275 3932 -
285 3886 365 3951 Diui
377 3887 539 3951 Ileruurdi
551 3886 686 3951 abbatis
701 3886 903 3951 Olareuallis
917 3910 922 3950 :
937 3885 1068 3952 ordinis
1082 3885 1321 3951 Cistereiensis
1335 3909 1342 3952 :

99 3972 249 4037 doctoris
263 3973 477 4037 disertissimi
498 3996 538 4037 ae
550 3997 630 4038 vere
643 3973 809 4056 melliflui,
826 3975 1039 4056 operueram
1053 3996 1059 4037 :
1077 3973 1194 4037 diVine
1206 3973 1344 4037 inst-itu·

98 4059 445 4124 tionisheiertissima
458 4084 464 4125 :
479 4061 693 4126 accuratiore
714 4084 859 4125 censura
879 4060 947 4124 iam
967 4061 1080 4124 denuo
1097 4060 1277 4144 recognita
1293 4070 1343 4124 at·

98 4167 162 4231 que
178 4147 340 4233 reposita.
356 4149 486 4211 Iterum
503 4170 542 4210 ae
559 4156 768 4212 tractatuum
785 4147 907 4211 seriem
924 4155 959 4211 et
974 4148 1179 4229 catalogum,
1196 4169 1343 4231 sequens

99 4242 232 4319 atergo
255 4234 383 4320 pagina
399 4235 693 4300 (terrimorrstrabit.
714 4236 866 4310 Parisiis,
888 4235 979 4319 apud
997 4233 1180 4299 Claudium
1197 4233 1342 4299 Oheual-

99 4318 228 4384 Ionium
242 4324 265 4406 ¹)
283 4322 326 4384 ad
342 4320 478 4403 insigne
495 4321 587 4386 Solis
604 4322 708 4405 aurei,
723 4322 760 4386 in
775 4322 832 4386 via
847 4322 871 4386 J
874 4320 1004 4385 ueobea
1022 4332 1115 4385 1536.
1131 4359 1165 4368 -

149 4423 211 4479 Fol.
226 4424 254 4478 Il‘.
269 4426 309 4479 31.
328 4443 355 4479 n.
369 4443 488 4494 numm,
504 4426 556 4478 290
568 4428 602 4494 -1-
615 4427 649 4479 38
661 4444 780 4495 numm,
795 4426 812 4478 2
827 4445 855 4479 n.
869 4443 987 4495 numm,
1003 4424 1037 4478 32
1050 4442 1158 4479 numm.
1174 4448 1205 4470 --·
1218 4425 1343 4478 395111-

98 4509 184 4577 (Hist.
203 4510 274 4565 Litt.
293 4511 330 4565 de
349 4512 378 4565 la
394 4513 506 4565 Franco
522 4512 608 4567 XIII.
625 4514 852 4581 ‘ild-Panum,
868 4514 943 4566 Anu.
960 4519 1020 4583 typ.
1036 4512 1118 4566 VIII.
1134 4510 1193 4565 203.
1209 4511 1241 4565 N.
1258 4510 1341 4576 203&

99 4592 147 4651 XI.
158 4598 218 4651 494.
231 4598 266 4653 N.
276 4597 353 4653 2638.
368 4630 396 4638 -
409 4599 554 4654 Schwurz.
566 4600 640 4653 Bibl.
654 4600 677 4654 I.
694 4602 768 4655 1796.
779 4634 801 4639 --
814 4601 868 4654 Vis.
882 4618 917 4653 ex
931 4599 1062 4654 biblioth.
1076 4598 1163 4669 palat.
1176 4598 1342 4670 Menae).-

147 4685 182 4739 N.
204 4687 227 4739 1.
246 4685 355 4739 Editio
367 4686 597 4741 01101111ον91.-
