3240 5242
872 376 914 442 46

266 566 300 622 N.
320 565 483 622 la-Hist.
502 565 573 620 Litt.
591 565 627 620 de
639 566 669 620 la
680 566 793 620 Franco
805 565 890 622 XIII.
909 566 968 621 221.
981 564 1142 632 -Paitoni,
1159 563 1233 619 Bibl.
1247 564 1363 634 Volgar.
1382 562 1406 620 1.
1421 563 1480 620 168.
1490 596 1516 605 -

266 654 388 723 Panzer,
400 657 475 708 Anu.
489 660 549 726 typ.
562 653 601 709 11.
615 653 656 708 75.
668 654 702 707 N.
715 654 774 707 442.
784 684 811 694 -
823 653 929 708 Pinelli
940 653 1015 708 Bibl.
1028 652 1079 707 IV.
1092 651 1116 705 8.
1129 652 1163 706 N.
1176 650 1218 707 36.
1228 682 1255 692 -
1263 652 1363 715 Rossi,
1376 651 1516 708 Biblioth.

266 742 395 796 Borbon.
405 740 428 796 I.
439 741 498 797 306.
508 772 533 781 -
542 740 643 795 Rossii
656 741 748 796 catal.
758 742 800 795 45.
809 772 835 781 -
845 741 912 796 Sax.
922 758 966 812 ap.
979 740 1108 810 Argelati
1120 734 1185 802 596;
1201 738 1224 793 1.
1234 756 1259 793 a.
1271 756 1298 810 p.
1312 738 1370 794 CV.
1380 740 1467 794 -Vr'a
1480 756 1516 794 ex

267 828 400 884 biblioth.
418 829 507 900 palat
526 829 746 899 vindobon).-

326 950 459 1019 16111).
477 952 642 1018 Rornordi
653 954 744 1021 vita.
759 952 915 1017 Mutinae
935 961 1027 1017 1494.
1045 953 1091 1016 4⁰.
1102 990 1128 998 -

320 1055 406 1115 (Note
416 1054 516 1111 d’cdiz.
536 1056 562 1112 d.
582 1074 639 1112 sec.
653 1056 716 1111 XV.
735 1056 761 1110 d.
775 1056 893 1111 Bibliot.
912 1056 994 1110 Silva
1006 1057 1035 1108 in
1050 1053 1190 1110 cinisello
1206 1055 1244 1108 17.
1258 1054 1291 1108 N.
1304 1053 1352 1117 93;
1372 1052 1452 1108 aliud
1465 1069 1515 1106 ve·

267 1143 387 1212 stigium
405 1142 485 1197 illius
503 1144 569 1198 libri
587 1162 646 1199 non
665 1146 882 1216 reperimus).—

787 1294 822 1362 C.
837 1315 870 1362 a·
885 1296 992 1362 1494;

325 1432 398 1500 166.
407 1472 448 1479 —-
458 1434 658 1518 (Epistolaa
670 1434 763 1501 duae
773 1434 807 1501 S.
816 1434 1004 1501 Bernardi.
1015 1430 1071 1515 —l
1083 1432 1112 1495 F
1124 1443 1138 1495 1
1154 1431 1221 1496 Tit.
1233 1456 1239 1496 :
1252 1432 1432 1519 Incipiunt
1444 1433 1516 1520 epi·

269 1519 358 1584 61616
374 1519 615 1606 pulcherrime.
632 1518 703 1584 divi
720 1518 852 1584 Aurelii
874 1518 1062 1605 Augustini
1086 1518 1131 1583 Hi
1159 1518 1323 1605 ponensis
1346 1518 1514 1607 Episcopi

268 1606 371 1671 valde
395 1606 496 1671 utiles
511 1607 578 1670 :Et
624 1606 711 1671 rimo
735 1606 874 1691 quidem
899 1606 941 1670 ad
965 1606 1106 1670 Petrum
1130 1542 1334 1671 diaconum:
1349 1606 1512 1685 Questio:

589 1630 688 1758 61666
699 1693 1008 1844 peccabuntPost
1019 1693 1195 1791 Epistolas
1209 1694 1243 1757 S.
1258 1693 1447 1779 Augustini
1461 1716 1513 1759 ac-

269 1693 391 1759 Utrum
409 1693 490 1758 mali
504 1693 540 1757 in
553 1693 587 1757 in

271 1781 398 1845 cedunt
420 1780 580 1868 Epistola
602 1804 671 1846 una
693 1780 866 1845 Η11666166
890 1780 1062 1845 Tolletam
1084 1781 1121 1857 (ll
1136 1780 1302 1866 Episcopi
1317 1804 1323 1844 :
1338 1781 1380 1844 de
1397 1780 1516 1845 divina

271 1867 467 1954 Sapientia:
478 1876 513 1931 61
529 1890 598 1932 666
613 1867 825 1932 Clericorum
840 1867 986 1931 ecclesie
1002 1866 1229 1954 hipponensis
1245 1867 1448 1954 responsiva
1473 1869 1514 1932 ad

269 1954 410 2019 beatum
434 1954 668 2040 Augustinnm
693 1955 906 2041 Episcopum
924 1955 1082 2037 :Magnis
1106 1955 1267 2019 laudibus
1292 1964 1327 2018 et
1353 1955 1515 2042 precibus

271 2065 349 2107 eum
365 2052 528 2125 rogantes
544 2043 582 2124 (ll
599 2043 640 2107 ad
658 2066 694 2107 sc
711 2043 856 2107 reverti:
879 2044 961 2106 dmm
978 2044 1011 2106 S.
1031 2043 1193 2107 ltcrnnrdi
1209 2043 1354 2119 Attalis,
1371 2066 1517 2127 quarum

270 2130 378 2193 altera
392 2130 596 2216 responsiva
611 2130 654 2194 ad
671 2132 904 2194 Sunonensem
922 2129 1123 2215 episcopum
1135 2137 1310 2214 petentem
1323 2152 1365 2193 an
1379 2130 1425 2193 sit·
1438 2154 1517 2216 pec·

271 2224 386 2281 catum
402 2217 556 2304 recipere
573 2216 752 2303 pecuniam
772 2218 813 2282 ad
831 2239 969 2281 usuram
980 2239 986 2280 :
997 2216 1113 2299 altera,
1139 2216 1380 2281 Consolatoria
1398 2218 1440 2281 ad
1457 2240 1516 2304 pa-

152 2344 156 2352 ·
270 2311 386 2367 rentes
410 2303 590 2368 cuiusdam
613 2304 749 2368 iuvenis
773 2303 976 2370 Gaudisredi
1002 2303 1060 2389 qui
1085 2304 1206 2369 relicto
1230 2304 1348 2367 seculo
1372 2302 1517 2368 intravit

271 2390 484 2475 religionem.
501 2391 720 2455 Γ1666166166
735 2392 776 2456 ad
791 2392 849 2456 lin.
864 2403 915 2456 24.
929 2391 1059 2476 primae
1072 2390 1220 2476 paginae
1233 2390 1308 2454 folii
1323 2391 1516 2456 6661661)-

270 2477 382 2543 ditur:
398 2479 591 2565 Imprcsum
608 2480 645 2564 c)
661 2478 817 2543 Venetiis
832 2502 895 2565 per
910 2478 1162 2543 Bernardinum
1178 2477 1371 2542 Benalium.
1386 2518 1412 2525 -

320 2583 358 2637 4⁰.
378 2582 421 2638 ch.
440 2590 495 2637 rot.
508 2584 542 2635 29
555 2582 592 2651 ll.‚
612 2600 678 2636 cum
691 2585 744 2652 sig.
759 2584 822 2637 sine
834 2600 913 2638 num.
928 2589 958 2638 et
970 2588 1044 2637 cust.
1058 2582 1149 2648 -Qui
1161 2581 1235 2635 liber
1247 2583 1314 2635 anni
1330 2588 1402 2636 nota
1414 2600 1518 2637 carens

269 2669 733 2742 nonnisimendistypographicis
739 2669 838 2724 differt
850 2671 886 2724 ab
897 2670 1024 2725 editione
1032 2669 1264 2724 VenetaXXIII.
1274 2670 1343 2723 dun.
1353 2669 1421 2725 1494
1431 2671 1518 2737 i'acta,

269 2756 316 2809 oui
326 2761 457 2827 tempore
469 2758 621 2827 proximus
635 2774 701 2810 esse
710 2757 834 2811 videtur.
846 2756 908 2811 Vid.
922 2757 954 2811 N.
967 2759 1035 2814 148.
1045 2789 1071 2797 -
1080 2756 1125 2811 De
1136 2756 1278 2823 11616616,
1288 2756 1389 2827 Suppl.
1399 2756 1441 2810 88.
1452 2756 1517 2811 coll.

271 2842 339 2911 1¹24).
350 2872 375 2881 -

325 2956 397 3025 167.
415 2998 444 3003 -
464 2960 658 3033 1111666166.
672 2966 726 3035 -l
743 2959 800 3023 El
816 2958 900 3024 'fitz
925 2959 1073 3024 Florctnc
1096 2958 1132 3021 in
1155 2981 1192 3022 se
1216 2958 1398 3023 continens
1419 2981 1516 3023 sacre

270 3041 446 3129 theologie
471 3056 506 3108 61
521 3067 692 3110 canonum
707 3045 810 3111 flores
826 3047 868 3109 ad
883 3045 1012 3131 gaudia
1026 3045 1176 3130 {aaradisi
1192 3044 1342 3110 finaliter
1358 3066 1418 3110 666
1442 3046 1517 3132 (qui

271 3152 308 3193 se
324 3130 360 3194 in
376 3131 445 3195 illis
463 3132 742 3215 exercitauerint)
788 3133 1001 3198 arducentes.
1027 3133 1137 3214 (Infra
1162 3133 1242 3198 icon
1258 3132 1414 3230 magistri
1440 3156 1518 3197 cum

271 3216 406 3282 duobus
423 3218 612 3304 discipulis,
638 3220 673 3283 in
690 3156 858 3304 qualiaec
872 3221 1050 3318 leguntur:
1068 3220 1231 3306 Accipies
1245 3228 1344 3300 tenu,
1362 3219 1516 3285 doctoris

271 3303 434 3389 dogmata
457 3305 592 3387 sancti).
616 3307 737 3373 Flvo:
762 3307 983 3372 Proliemrum
999 3307 1142 3371 Floreti.
1167 3306 1439 3383 1166616161.
1459 3318 1514 3371 19:

269 3390 392 3456 Amen.
405 3392 495 3456 Dein
514 3392 741 3478 subscriptio:
758 3393 914 3480 Explicit
930 3394 1018 3458 liber
1033 3394 1174 3458 floretus
1189 3393 1300 3458 Sancti
1312 3394 1473 3461 bernardi.
1488 3432 1515 3441 -

322 3496 360 3549 4⁰.
379 3496 413 3548 56
428 3496 456 3549 ff.
470 3495 588 3549 31116
602 3504 693 3564 textu,
711 3498 745 3549 45
759 3499 788 3550 in
801 3504 966 3566 comment,
985 3496 1028 3550 cb.
1038 3496 1118 3566 goth.
1132 3496 1200 3567 maj.
1214 3503 1245 3551 et
1256 3498 1333 3564 min,
1352 3514 1420 3550 cum
1433 3499 1517 3567 sign„

270 3583 334 3636 sine
352 3590 426 3638 6661.
448 3600 494 3653 pp.
513 3599 541 3637 6.
560 3582 578 3636 l.
598 3600 622 3635 a.
643 3589 758 3637 etta.
777 3582 853 3637 ised:
877 3583 1025 3651 Coloniae,
1044 3583 1135 3639 Henr.
1155 3583 1418 3650 Quentell.-Brit.
1432 3584 1517 3654 Mus,

270 3667 333 3724 66.
353 3670 461 3739 „aergc
477 3669 682 3735 ian-nens,
696 3670 796 3741 Suppl.
809 3671 843 3725 6.
856 3670 1042 3726 iaec-cisi
1055 3671 1097 3724 ao.
1118 3671 1328 3728 s.re.-Hun
1346 3670 1380 3725 6.
1400 3670 1477 3726 ssia.
1491 3701 1517 3711 -

270 3756 390 3824 Panem,
403 3758 478 3811 Ann.
490 3764 549 3828 typ.
563 3755 613 3810 IV.
621 3758 721 3812 469.Ν.
734 3758 783 3813 179
792 3758 1011 3814 b.-Sinker23.
1022 3758 1056 3812 N.
1069 3757 1111 3811 69.
1121 3788 1147 3797 -
1157 3757 1334 3827 Weislinger
1347 3756 1410 3812 Cat.
1424 3755 1477 3828 23).
1491 3786 1517 3796 -

326 3878 397 3947 168,
407 3920 448 3927 -
462 3882 670 3959 (Sermones
682 3884 726 3950 de
739 3884 912 3967 Tempore
924 3880 1061 3965 aliique.
1072 3879 1127 3965 —)
1137 3881 1166 3944 F
1178 3891 1192 3943 1
1208 3880 1292 3945 Tit:
1311 3881 1407 3967 Opus
1421 3902 1517 3966 egre·

269 3966 366 4052 gium
382 3966 572 4033 beat-issimi
588 3969 753 4034 ltcrnordn‘
769 3968 982 4054 amplectens
997 3988 1154 4034 sermones
1170 3968 1244 4033 eius
1260 3969 1297 4032 dc
1313 3973 1469 4050 ternpore:
1484 3976 1518 4032 61

271 4076 373 4141 super
395 4076 513 4120 omnes
529 4056 601 4119 fere
617 4056 724 4121 totius
741 4055 822 4120 anni
831 4056 1029 4139 festtrr-itotes
1042 4107 1048 4118 .
1063 4054 1206 4120 omelias
1221 4077 1315 4136 snper
1332 4056 1457 4121 masec
1473 4059 1518 4120 cst

271 4150 305 4207 61
321 4164 425 4228 super
440 4145 598 4227 evnnpclio
618 4143 737 4207 Simile
759 4150 812 4207 est
834 4165 978 4227 regnum
1003 4142 1156 4207 celorum
1180 4143 1296 4207 decem
1322 4141 1518 4228 virginibus

270 4229 430 4314 Insignes
442 4230 616 4295 variorum
625 4232 777 4313 scrr'ptnrc
790 4251 955 4316 passuum
967 4232 1249 4311 interpretationes,
1263 4228 1517 4314 nonnullasque

270 4316 395 4403 prefati
410 4317 518 4403 patris
523 4318 708 4398 parabolus,
721 4339 798 4381 oum
811 4338 950 4383 scrmone
962 4319 1007 4381 cd
1015 4318 1130 4381 clcrnrn
1139 4316 1283 4402 triginta
1295 4316 1411 4402 capita
1426 4337 1517 4380 com·

271 4403 462 4489 plectente:
476 4403 655 4488 tribusque
673 4427 769 4487 snper
786 4405 882 4469 Salac
902 4407 1010 4487 repinn
1022 4406 1226 4479 sermonibus,
1241 4403 1333 4489 quod
1347 4425 1429 4468 sane
1443 4425 1518 4489 pre·

271 4491 499 4555 clarissimum
516 4513 604 4577 opus
620 4500 673 4555 est
689 4490 1025 4555 emendatissimum:
1051 4492 1093 4555 ad
1120 4491 1373 4556 exhortandum
1397 4512 1518 4577 preva-

270 4577 379 4642 lidum
396 4594 431 4643 61
447 4578 489 4642 ad
506 4578 594 4642 bene
609 4578 779 4663 beateque
802 4576 992 4642 uiuendum
1010 4577 1418 4646 accommodatissimum.
1442 4578 1516 4643 Fa:

271 4664 455 4731 Sermones
470 4665 563 4732 beati
580 4665 749 4734 Bernardi
767 4664 902 4730 abbatis
920 4665 1130 4731 clareuallis:
1155 4665 1329 4753 incipiunt
1350 4663 1515 4730 feliciter:
