3240 5242
643 404 735 469 XIX

63 616 141 660 cum
164 597 312 660 66616116
339 616 453 660 rerum
477 605 558 683 post
584 619 712 661 annum
738 608 818 662 1041
843 597 1063 663 inventarum
1087 606 1122 664 et
1145 598 1314 666 accessio·

64 682 166 748 uibus
191 681 350 764 aliorum,
374 681 498 748 deinde
523 706 551 748 6.
576 694 655 748 1619
682 685 736 764 (N.
755 685 852 770 1235)
877 685 980 770 longe
995 686 1222 771 emendatius,
1239 693 1314 752 tan·

63 771 212 854 demque
236 791 266 834 a.
295 780 375 833 1681
405 770 461 855 (N.
489 773 585 852 1298)
613 770 818 857 impressum
846 779 908 855 est,
937 771 1062 857 quibus
1085 773 1140 837 IX
1167 774 1238 860 (vel
1262 775 1311 859 X)

63 855 278 923 editionibus
302 858 378 942 ejus
400 858 499 922 valor
522 857 606 923 66116
629 880 801 945 superque
826 858 1081 945 comprobatur.

170 944 235 1008 Ast
259 965 337 1008 cum
356 942 466 1009 Merlo
486 944 650 1009 Horstius
664 984 691 993 -
704 945 777 1009 XX
792 945 924 1044 Aprilis
950 957 1031 1011 1644
1055 954 1167 1012 morte
1191 946 1313 1035 abrep-

61 1038 165 1095 tus-
179 1031 350 1115 quaedam
374 1032 600 1117 expurganda
622 1031 698 1096 61116
720 1033 928 1117 reliquisset,
955 1032 1113 1100 Claudius
1138 1033 1312 1099 Ohuntclou

62 1130 94 1191 (6
112 1117 385 1203 congregatione
403 1117 437 1183 S.
454 1117 580 1201 Mauri)
602 1118 757 1184 laborem
779 1119 879 1186 illum
898 1119 935 1184 in
951 1141 987 1184 se
1004 1120 1158 1207 suscepit
1172 1120 1313 1186 inchoa·

61 1204 185 1290 vitque
209 1205 646 1275 sermonumoorrectione
670 1207 725 1288 (N.
746 1208 860 1291 1150);
888 1206 920 1271 oi
968 1206 1072 1271 ariter
1094 1214 1311 1293 praematuro

59 1291 132 1357 fine
149 1291 322 1357 exstincto
339 1291 661 1359 successitJocnncs
673 1294 842 1370 Melatton,
861 1230 1016 1379 ejusdem
1033 1293 1312 1380 congregationis

59 1378 204 1461 sodalis,
229 1377 288 1463 qui
309 1377 422 1465 Opera
442 1378 476 1443 S.
491 1378 660 1444 Bernardi
686 1380 750 1461 ,ad
772 1380 887 1446 varios
912 1379 1051 1446 codices
1071 1379 1170 1446 MSS.
1186 1381 1313 1447 collata

60 1465 250 1531 emendata
272 1472 307 1530 et
330 1469 451 1531 aucta“
477 1473 581 1550 atque
604 1465 639 1531 in
658 1466 707 1531 VI
730 1474 844 1532 tomos
869 1467 981 1531 divisa
1004 1467 1135 1554 duplici
1160 1467 1312 1534 editione

59 1563 255 1618 66661661
281 1551 315 1616 16
340 1552 452 1617 166661
477 1552 607 1617 emisit:
633 1554 740 1618 altera
764 1554 899 1619 duobus
923 1553 1159 1620 voluminibus
1181 1554 1312 1620 formae

59 1644 182 1725 (quam
214 1641 355 1717 166661)
386 1641 569 1724 secundae,
601 1641 709 1705 altera
738 1640 880 1706 lectioni
911 1641 1021 1726 magis
1052 1643 1314 1708 accommodata

59 1720 191 1792 novem
215 1726 450 1792 voluminibus
472 1727 603 1792 formas
633 1734 777 1792 octavae
804 1735 994 1811 constante,
1021 1750 1124 1813 quam
1150 1727 1227 1793 fuse
1254 1730 1312 1793 de-

59 1813 266 1900 scripsimus
287 1813 343 1899 (N.
360 1816 473 1898 1154);
499 1814 645 1879 accessit
658 1853 684 1862 -
699 1813 789 1879 sicut
809 1816 852 1879 ad
872 1814 1094 1880 Horstianam
1117 1837 1206 1881 anno
1230 1827 1311 1882 1668

58 1901 117 1985 (N.
141 1900 407 1984 1167)-1611611
428 1900 723 1987 locupletissimus
748 1922 838 1967 6666
866 1912 946 1966 1669
972 1902 1026 1986 (Ν.
1047 1904 1154 1987 1110).
1179 1901 1312 1981 Quibus

59 1988 155 2053 haud
180 1987 404 2072 acquiescens
420 1988 632 2054 mabillonius
649 1987 766 2053 studia
781 1989 816 2052 S.
831 1989 1010 2053 Bernardo
1035 1988 1150 2054 dicata
1174 1988 1312 2056 assidua

60 2096 131 2159 qua
154 2074 302 2139 eminuit
324 2073 506 2161 diligentia
527 2083 734 2162 prosecutus
759 2087 950 2141 611661690
972 2097 1100 2141 novam
1124 2075 1312 2142 editionem

59 2160 225 2243 absolvit,
248 2161 284 2225 in
309 2183 376 2246 qua
398 2162 551 2247 genuina
574 2185 594 2226 6
614 2161 802 2249 suppositis
820 2162 1036 2228 severissime
1054 2162 1312 2247 (11611611111611-

61 2256 136 2313 tum
165 2247 391 2334 sagacissimo
416 2271 494 2313 cum
518 2249 658 2334 ingenio
681 2248 843 2332 restituit,
872 2249 1121 2314 eruditissimas
1149 2250 1312 2336 praefati·

60 2357 157 2417 ones,
182 2335 447 2419 admonitiones,
462 2342 563 2401 notas
584 2343 618 2401 et
638 2335 899 2401 observationes
916 2335 1085 2422 adjunxit,
1106 2336 1311 2403 1166111666

60 2423 218 2489 omnium
232 2422 443 2488 anteriorum
460 2430 495 2487 et
507 2423 739 2509 posteriorum
754 2422 1051 2509 praestantissima
1066 2423 1215 2509 talisque
1232 2447 1309 2490 eva-

58 2509 155 2591 serit,
185 2508 285 2596 oujus
308 2509 526 2575 1616166116
553 2532 704 2595 unquam
732 2516 888 2597 tempore
912 2511 958 2575 sit
980 2510 1193 2576 interiturus.
1217 2511 1309 2598 (Vid.

56 2597 100 2662 N.
118 2602 229 2675 1806).
254 2595 388 2661 Clausit
407 2595 468 2661 1116
489 2597 665 2662 saeculum
681 2597 796 2680 XVII,
820 2599 912 2683 quod
928 2598 1124 2662 XXXVIH
1141 2598 1311 2664 editiones

57 2683 235 2771 produxit,
251 2705 395 2769 quarum
410 2684 534 2748 XXIV
548 2706 652 2771 supra
668 2691 887 2749 enumeratae
904 2691 994 2768 sunt,
1008 2684 1142 2749 duabus
1157 2684 1310 2750 incertae

58 2770 207 2856 originis
231 2779 266 2835 et
290 2771 361 2834 XII
385 2769 500 2835 dubiis
523 2770 580 2836 hic
607 2771 870 2857 praetermissis,
900 2771 937 2836 in
962 2771 1226 2858 Bibliographia
1252 2773 1310 2837 ad-

56 2857 202 2924 notatis.

165 2944 231 3010 Illa
243 2952 359 3011 autem
371 2944 580 3031 optimarum
593 2945 785 3010 editionum
799 2967 878 3010 6616
894 2945 1074 3030 augendae
1090 2946 1124 3010 S.
1137 2946 1308 3011 Bernardi

55 3031 193 3117 gloriae
209 3040 245 3097 et
260 3031 459 3097 auctoritati
475 3033 577 3097 valde
591 3032 733 3119 profuit.
757 3032 806 3098 Ut
821 3032 1191 3115 6611616611611119616
1207 3054 1311 3117 quae·

57 3141 127 3204 que
147 3122 224 3204 ejus
244 3141 350 3205 opera
369 3119 556 3184 multorum
577 3119 668 3184 curis
689 3119 824 3184 eximiis
844 3119 1011 3206 impressa
1032 3128 1114 3184 sunt
1127 3119 1310 3186 —Medite-

56 3205 216 3272 tionibus
237 3205 279 3271 ab
296 3206 448 3271 Henrico
466 3205 655 3272 Summalio
672 3206 706 3271 S.
722 3207 757 3272 J.
778 3206 880 3271 editis
901 3205 1051 3293 primum
1072 3205 1163 3271 inter
1185 3206 1246 3271 illa
1259 3208 1310 3273 lo·

58 3315 139 3358 cum
160 3292 423 3378 occupantibus,
446 3293 674 3378 nonnullique
692 3293 735 3358 ad
751 3295 906 3360 versiones
926 3315 996 3358 non
1017 3299 1152 3358 tantum
1172 3293 1310 3360 illorum

56 3380 120 3444 sed
146 3378 301 3444 omnium
324 3379 427 3445 simul
450 3401 594 3478 operum
619 3380 810 3445 exarandas
837 3403 873 3444 66
898 3380 1139 3463 accinxerunt3
1168 3383 1252 3447 vitas
1274 3380 1308 3446 S.

56 3465 230 3532 Bernardi
250 3466 400 3551 majores
420 3474 635 3553 scripserunt
650 3468 674 3533 J
676 3467 826 3553 osophus
843 3467 885 3533 de
901 3466 1108 3533 Almonaaid
1125 3467 1180 3552 (N.
1200 3468 1307 3553 1253),

55 3554 184 3618 Petrus
197 3552 366 3618 Chichere
383 3555 438 3636 (N.
454 3556 542 3639 149),
557 3554 731 3620 Gonaalez
748 3555 790 3618 de
806 3554 945 3620 Perales
962 3554 1018 3640 (N.
1033 3558 1119 3640 150),
1134 3554 1309 3620 Α6166166

55 3640 107 3706 Le
124 3639 268 3705 Maistre
288 3639 324 3725 (i.
345 3663 377 3725 q.
396 3640 518 3726 Lamy,
539 3641 581 3705 N.
598 3652 678 3707 1041
697 3644 788 3726 616),
807 3642 830 3707 J
833 3641 986 3707 ohannes
1001 3640 1208 3706 Francisous
1223 3641 1310 3707 Mai·

55 3727 188 3792 nardus
208 3726 264 3811 (N.
281 3728 388 3813 1084),
412 3727 595 3826 Philippus
616 3727 803 3793 Malabaila
822 3728 877 3814 (N.
895 3731 983 3812 890),
1006 3727 1163 3811 Angelus
1182 3728 1309 3793 Manri-

55 3837 124 3900 que
142 3813 193 3898 (in
208 3813 404 3879 Annalibus
420 3813 559 3879 Ordinis
577 3814 817 3880 (listerciensis
833 3816 889 3901 (N.
906 3817 1002 3900 1011)
1019 3824 1054 3880 et
1076 3815 1134 3880 alii
1151 3838 1309 3882 sermone

55 3900 173 3968 soluto
196 3899 368 3986 ligatove;
394 3902 588 3988 complures
612 3901 728 3966 studia
750 3924 813 3967 sua
836 3903 880 3966 ad
902 3901 1082 3967 historiam
1097 3903 1252 3986 saeuitiae
1275 3910 1309 3968 et

54 3988 123 4054 loci
145 3987 272 4053 natalis
293 3987 368 4075 ejus
389 3995 636 4054 converterunt
653 3988 741 4073 (NN.
758 3992 1243 4073 185.964.966.1019.1111);
1265 3990 1308 4055 116

54 4077 212 4158 1116616ρὶ6
232 4074 385 4141 (16616116
404 4075 514 4141 666111
539 4075 752 4162 scripserunt
773 4077 980 4162 Anonymus
1000 4075 1141 4161 quidam
1164 4076 1206 4141 A.
1223 4077 1263 4142 B.
1280 4077 1307 4143 I.

54 4163 110 4239 (N.
133 4161 241 4244 1364),
262 4161 472 4228 Laurentius
494 4163 708 4227 Bertrandus
724 4163 877 4249 Apusius
898 4164 953 4249 (N.
971 4163 1079 4248 1213),
1099 4162 1308 4230 Franciscus

53 4249 220 4315 Bivarius
244 4249 298 4331 (N.
316 4256 403 4333 988),
426 4249 623 4315 Bernardus
648 4250 890 4335 Bogdanovitz
915 4251 970 4336 (N.
990 4251 1098 4337 1841),
1121 4250 1307 4317 Albsrious

52 4336 233 4423 Burghoff
252 4336 309 4422 (N.
328 4337 435 4421 1045),
457 4335 724 4422 Chrysostomus
744 4337 942 4422 Henriquez
963 4338 1019 4423 (N.
1037 4339 1125 4422 984),
1149 4337 1307 4422 Ignatius

54 4424 169 4490 Huart
187 4424 347 4489 fervente
367 4423 428 4488 lite
446 4423 683 4490 Janseuistica
704 4424 759 4511 (N.
779 4435 872 4490 1041.
892 4425 999 4510 1081),
1022 4424 1226 4491 Theodorus
1241 4426 1306 4491 Pe-

53 4521 171 4579 traeus
188 4510 245 4597 (N.
266 4511 352 4595 190),
375 4509 589 4597 Theophilus
608 4511 823 4598 Raynaudus
844 4512 899 4597 (N.
919 4512 1026 4595 1146),
1050 4511 1248 4578 Bernardus
1264 4513 1307 4578 ds

53 4598 186 4665 Bibere
210 4597 267 4683 (N.
286 4600 373 4682 927),
399 4597 614 4663 Bertrandus
639 4598 769 4664 Tissisr
796 4600 979 4686 (Ν.1068),
1006 4598 1187 4664 Johannes
1209 4599 1307 4664 Win-

53 4685 140 4753 deck
165 4685 224 4774 (N.
242 4685 337 4771 716);
362 4686 462 4770 clopia
486 4682 559 4751 divi
576 4684 642 4752 viri
663 4693 697 4752 et
715 4687 855 4753 scenicae
877 4686 1213 4773 repraesentationes
1235 4708 1306 4753 non

1096 4806 1150 4860 11*
