3240 5242
485 1290 898 1396 Praefatio

642 1539 743 1546 —.-—-.

169 1679 451 1785 Nobilissimum
473 1717 660 1784 memoriae
681 1717 826 1804 gloriosi
849 1718 999 1784 nominis
1015 1719 1069 1785 sui
1084 1726 1316 1790 monumentum

67 1845 101 1911 S.
117 1843 312 1909 Bernordns
330 1841 580 1908 Clorovallensrs
603 1841 677 1928 ipse
696 1841 850 1924 Operibus
872 1842 944 1907 suis
971 1842 1097 1908 erexit:
1113 1864 1315 1910 monumen-

67 1973 142 2031 tum
158 1987 239 2030 eere
254 1963 450 2051 perennius,
467 1985 550 2029 euro
566 1962 743 2048 fulgidius,
759 1962 904 2049 gemmis
920 1963 1125 2051 pretiosius!
1141 1965 1166 2031 J
1167 1987 1223 2031 em
1238 1988 1312 2033 see-

66 2087 145 2153 eulo
162 2108 232 2172 quo
253 2085 350 2164 vixit,
373 2085 483 2171 megis
499 2093 614 2151 eutem
630 2085 800 2172 proximo,
815 2086 1009 2151 numerosis
1024 2085 1203 2153 oodioibus
1216 2111 1315 2176 pree·

67 2208 187 2274 sertim
210 2229 278 2296 ope
300 2207 586 2274 monasteriorum
612 2207 655 2272 eb
680 2207 755 2294 ejus
777 2206 859 2272 filiis
872 2208 1096 2274 fundatorum
1118 2232 1181 2297 per
1195 2231 1315 2276 omnes

64 2331 227 2418 Europes
253 2337 370 2418 partes
396 2336 432 2394 et
457 2328 602 2394 ulterius
618 2329 731 2416 Opera
756 2330 800 2394 D.
827 2328 894 2394 viri
919 2330 1218 2416 propegebentur;
1237 2338 1315 2398 ten·

65 2454 145 2519 dem
168 2452 265 2539 prelo
295 2450 463 2539 subjecte,
493 2451 529 2515 in
556 2450 692 2536 linguas
719 2451 920 2538 peregrines
945 2453 1113 2519 translate
1139 2460 1176 2519 et
1201 2453 1314 2520 erudi·

64 2575 111 2640 tie
131 2573 388 2640 commentariis
402 2574 574 2639 instructa
593 2595 664 2640 non
687 2596 709 2639 e
723 2575 858 2640 clericis
873 2575 1122 2661 monachisque
1143 2575 1228 2642 solis
1243 2576 1314 2645 evi·

64 2696 206 2762 dissime
233 2696 334 2780 lecte,
354 2697 415 2762 sed
443 2696 545 2762 etiem
574 2695 612 2761 in
631 2695 799 2763 laieorum
822 2696 982 2763 domibus
1008 2697 1237 2785 manibusque
1261 2698 1314 2764 in·

64 2827 172 2885 vente
197 2826 288 2896 sunt,
313 2826 348 2884 et
375 2818 511 2884 eunetis
533 2818 662 2886 Christi
688 2818 860 2902 fidelibus,
888 2818 1070 2885 oetholiois
1096 2819 1190 2885 heud
1213 2841 1314 2886 seeue

64 2964 168 3028 quem
194 2940 405 3025 eoetholiois,
429 2940 542 3008 doctis
564 2963 635 3008 non
655 2940 769 3006 minus
785 2964 889 3028 quum
902 2941 1064 3027 induetis,
1088 2949 1245 3029 optatum
1260 2964 1314 3008 se·

63 3063 200 3150 lutique
219 3062 411 3151 proficuum
437 3063 554 3130 eibum
573 3062 788 3150 spiritualem
808 3064 1052 3151 praebuerunt.
1084 3066 1187 3148 ,Quis
1208 3067 1311 3131 enim“

64 3185 187 3273 (verbe
210 3193 292 3251 sunt
305 3185 456 3253 Danielis
470 3186 606 3271 Desunt,
629 3186 700 3253 vid.
723 3186 765 3252 N.
783 3190 880 3270 1090)
905 3188 972 3269 ,vel
993 3209 1032 3253 en
1046 3189 1189 3270 animis
1207 3189 1313 3270 palri-

62 3309 121 3376 bns
136 3308 307 3375 Bemerdo
321 3310 512 3393 foecundior
534 3315 563 3375 el
586 3314 654 3375 tem
675 3309 803 3376 trevis?
829 3310 907 3392 Quis
928 3312 964 3375 in
986 3311 1178 3393 exponendis
1199 3331 1312 3377 ennae

60 3432 404 3513 reprimentes
425 3433 575 3500 excelsior
596 3437 625 3498 et
647 3437 715 3499 iun
736 3433 869 3499 enne?
895 3434 973 3516 Quis
995 3435 1031 3498 in
1053 3434 1216 3500 sententiis
1238 3453 1313 3516 yra-

60 3553 153 3621 oibns
167 3556 364 3622 inveniendis
382 3556 598 3639 eireserendis
617 3557 850 3639 eloquentioret
868 3562 935 3622 tem
944 3556 1048 3639 pins?
1060 3556 1149 3621 Adeo
1169 3559 1206 3620 nt
1227 3555 1264 3620 in
1278 3574 1313 3620 eo

62 3697 118 3743 nee
145 3678 302 3744 erumnis
324 3676 488 3745 Romam
512 3679 671 3745 desideres
697 3679 904 3760 eloquentium
924 3700 981 3744 nee
1003 3679 1193 3744 devotionem
1218 3676 1312 3743 Oili-

60 3800 228 3866 stionee‘!
248 3798 411 3867 Profeoto
431 3801 523 3867 inter
544 3821 689 3886 magnos
712 3799 792 3868 illos
816 3800 983 3866 eoelesiee
1007 3799 1211 3885 antiquioris
1230 3798 1312 3866 doo-

60 3929 156 3989 tores
178 3921 308 3988 frustra
327 3944 481 4008 queeres,
506 3922 566 4009 qui
588 3922 680 3989 siout
697 3924 914 4007 ,Meliiflnns“
931 3922 999 4011 piis
1021 3922 1219 3989 hominibus
1234 3945 1312 4009 gre·

59 4052 118 4111 tue
144 4051 181 4110 et
207 4052 384 4133 deeeptus,
405 4045 512 4111 tentis
537 4044 773 4133 penegyribus
796 4044 926 4132 ubique
951 4044 1109 4132 gentium
1136 4045 1309 4131 leudetus,

58 4168 165 4236 toties
190 4190 211 4233 e
225 4168 453 4256 seriptoribus
475 4168 628 4235 inlibris
651 4167 842 4235 condendis
858 4166 1035 4234 edhibitus
1058 4166 1173 4247 fuerit,
1196 4174 1237 4233 ut
1249 4190 1310 4234 ne·

59 4313 128 4378 que
150 4290 310 4357 tristibus
332 4291 461 4357 seeouli
486 4290 611 4357 deoimi
634 4290 724 4356 sexti
746 4289 899 4356 motibus
921 4312 1036 4376 neque
1058 4289 1217 4375 stultitia,
1241 4311 1310 4376 que

58 4413 217 4503 proxime
248 4414 368 4502 elapso
391 4414 526 4479 eoelum
555 4413 668 4501 ipsum
693 4412 888 4500 petebatur,
917 4412 961 4477 de
983 4410 1077 4477 illius
1101 4412 1309 4479 auctoritate

59 4536 250 4625 quidquem
274 4535 468 4602 detreotum
491 4534 554 4602 sit!
576 4535 700 4622 Itaque
715 4541 821 4623 prout
840 4534 933 4600 rebus
954 4536 1080 4619 moenis
1100 4557 1180 4618 qnos
1199 4538 1309 4621 pessit,

59 4660 112 4728 sio
138 4659 293 4743 Operibus
316 4679 407 4745 quse
427 4655 570 4743 reliquit
591 4656 837 4744 sempiternum
851 4654 998 4743 gloriam
1025 4665 1232 4725 oonseoutus
1256 4664 1310 4724 est

1133 4780 1151 4819 ὑ
