3240 5242
619 384 773 481 —or—

73 579 247 639 correctus
264 579 299 637 et
311 572 512 637 emendatus
521 574 555 655 (.)
571 571 660 636 Item
673 573 758 637 utile
771 574 943 658 quoddam
958 574 1061 639 breue
1074 574 1321 642 documentum

72 660 125 725 his
141 660 201 745 qui
224 682 451 747 sepenumero
472 660 690 725 confitentur.
715 660 802 725 Item
818 664 919 727 oratio
935 663 1139 727 dictatoriae
1155 664 1239 728 beuti
1254 664 1320 730 ber·

72 750 169 813 nard-i
182 748 342 833 adfilium
360 749 458 813 iesum
473 753 508 810 et
521 754 667 811 matrem
683 747 767 813 eius.
787 750 875 813 Item
896 748 965 813 alia
983 751 1083 815 oratio
1099 751 1237 817 ciusdem
1253 752 1320 816 hcr-

71 836 169 901 nordi
188 836 232 899 ad
249 835 350 899 solam
369 839 511 899 orolrcm.
534 834 606 899 Sub
627 834 680 899 tit.
700 835 838 919 signum
858 843 893 899 et
911 857 1056 901 nomen:
1078 836 1100 901 J
1104 836 1193 901 ehan
1216 837 1319 903 Petit.

72 923 100 988 F
112 935 194 987 lvo:
210 920 340 1008 Incipit
352 921 493 986 Ortulus
506 922 677 986 Rosarum
694 923 736 985 de
751 924 842 988 valle
858 922 1100 988 lachrimarum
1113 928 1147 1006 (·)
1162 924 1216 988 De
1228 924 1321 989 bona

72 1009 239 1075 societate
264 1009 440 1092 querenda
463 1016 497 1073 et
520 1009 612 1072 mala
636 1011 792 1075 cauenda
812 1010 1012 1097 Capitulum
1035 1010 1184 1097 primum
1212 1018 1278 1076 etc.
1292 1050 1319 1059 -

72 1098 100 1161 F
112 1110 169 1161 la:
193 1095 313 1159 Oratio
328 1096 369 1159 ad
388 1096 565 1160 (lominum
580 1095 690 1160 iesum
706 1106 741 1161 et
756 1097 830 1161 eius
845 1106 988 1162 matrem
1005 1120 1108 1181 quom
1125 1098 1322 1185 composuit

72 1184 195 1249 beatus
210 1182 397 1247 bernardus
409 1187 443 1263 l.)
458 1183 618 1265 „Summe
631 1184 753 1248 summi
767 1194 805 1248 tu
816 1184 924 1271 patris
936 1184 1069 1249 vnioed,
1082 1185 1226 1250 Ftlvo:
1240 1186 1321 1250 Alia

73 1271 184 1336 oratio
203 1269 295 1333 beati
313 1269 471 1334 bernardi
490 1271 533 1334 ad
550 1269 687 1334 beatam
703 1271 845 1335 mariam
858 1276 903 1352 1.).
930 1271 1041 1357 „Mole
1062 1294 1200 1357 pressus
1215 1272 1321 1359 hujus

72 1357 244 1422 miserie“.
266 1358 361 1421 Ntss:
379 1356 535 1443 Explicit
555 1358 688 1421 ortulus
705 1381 869 1423 rosarum.
894 1358 1038 1423 Nouiter
1053 1358 1241 1445 impressus
1256 1382 1320 1446 pro

72 1446 198 1511 ioanne
218 1443 307 1530 petit
326 1453 561 1509 commorante
586 1444 621 1508 in
643 1444 722 1511 vico
746 1446 857 1510 sancti
879 1445 991 1510 iacobi
1013 1446 1055 1509 ad
1079 1445 1321 1532 intersignium

73 1532 185 1597 leonis
202 1531 383 1616 argentei(
397 1533 409 1617 )
425 1571 451 1579 -

125 1636 195 1690 Sine
208 1653 233 1689 a.
247 1640 281 1697 (c.
294 1635 378 1702 1500).
392 1636 422 1689 8⁰
432 1637 500 1690 min.
511 1636 555 1690 ch.
567 1637 648 1706 goth.
658 1636 692 1688 24
703 1638 732 1693 li'.
746 1637 808 1695 (ult.
818 1642 922 1705 vacat).
936 1637 968 1690 31
983 1637 1012 1693 ll.
1025 1639 1089 1692 sinc
1102 1643 1177 1693 cust.
1192 1643 1222 1691 et
1233 1655 1280 1709 pp.
1293 1656 1321 1692 n.

73 1741 140 1777 com
156 1726 232 1794 sign.
245 1724 653 1794 --(Desbarreaux-Beruard,
669 1725 770 1781 Incun.
787 1726 824 1780 de
839 1726 868 1780 la
882 1725 1016 1780 biblioth.
1032 1725 1068 1780 de
1085 1724 1244 1796 Toulouse,
1263 1726 1321 1781 106.

73 1811 106 1866 N.
124 1812 182 1865 124.
193 1843 219 1851 -
229 1810 307 1864 Hist.
323 1812 395 1864 Litt.
410 1810 446 1864 de
462 1810 492 1865 la
506 1811 618 1865 Franco
634 1812 720 1868 XIII.
734 1812 796 1868 224.
806 1843 833 1852 -
848 1813 902 1867 Via.
918 1830 955 1865 ex
970 1811 1104 1867 biblioth.
1118 1811 1321 1884 Guelpherby·

73 1902 198 1968 tana).-

126 2041 203 2110 245.
212 2044 271 2120 -l
274 2044 438 2128 Hymnus
446 2043 585 2123 quidam,
593 2043 670 2125 puli.
678 2043 734 2128 -)
744 2043 796 2127 Cy
809 2050 1049 2107 commencent
1061 2044 1104 2109 les
1116 2046 1184 2125 sept
1192 2042 1321 2124 precul-

75 2152 138 2193 mas·
151 2152 194 2193 en
210 2128 383 2214 lranzoyS.
396 2130 437 2194 In
453 2129 538 2194 fine:
556 2129 608 2213 Cy
624 2129 783 2193 finissent
797 2129 846 2193 les
862 2135 940 2215 sept
955 2130 1149 2216 pseaulmes
1164 2127 1322 2215 peniten-

75 2216 183 2281 tianlx
198 2224 233 2280 et
245 2218 279 2281 la
292 2216 419 2281 letanie
431 2240 474 2281 en
489 2216 671 2282 l'ranczois
684 2217 773 2281 Add.
786 2240 792 2281 :
809 2222 910 2283 &vers
920 2217 968 2281 De
981 2216 1027 2281 St.
1037 2218 1198 2294 Bonam,
1212 2214 1323 2281 moult

76 2306 202 2370 deuota
219 2311 255 2367 et
268 2303 463 2390 pufitables.
477 2342 504 2351 -

126 2410 157 2459 4ο
168 2409 238 2462 min.
253 2408 324 2463 1811.
337 2407 419 2477 goth.
432 2409 495 2461 sinc
510 2407 569 2461 ulla.
580 2414 659 2463 nota.
669 2407 840 2478 (Lantenac,
852 2406 927 2461 Jean
939 2408 1014 2463 (ires
1023 2408 1053 2480 ¹).
1062 2438 1088 2446 -
1097 2406 1226 2463 Graesse
1235 2405 1285 2461 VI.
1298 2423 1323 2461 a.

76 2496 135 2549 363.
144 2527 172 2536 -
181 2494 331 2549 Perennes
343 2494 366 2548 1.
382 2494 450 2562 164).
459 2525 486 2534 -

127 2582 161 2636 N.
175 2586 200 2636 l:
214 2588 293 2637 recte
305 2584 415 2652 „Grer‘t
425 2614 451 2622 -

129 2724 206 2793 246.
226 2764 266 2772 —
287 2727 467 2811 (Hymnus
492 2726 631 2807 quidam,
654 2726 730 2807 pall.
752 2729 807 2810 —)
833 2725 885 2810 cy
909 2732 1148 2789 commencent
1171 2722 1222 2787 les
1247 2730 1326 2809 sept

77 2813 270 2963 pseaulmes
291 2810 375 2896 (vid.
391 2813 433 2877 N.
449 2812 537 2897 245).
562 2812 651 2877 Add.
673 2822 691 2877 8
711 2835 789 2877 vers
813 2813 855 2875 de
877 2812 927 2877 St.
947 2810 1113 2876 Bernard.
1135 2808 1323 2895 (Lugduni,

108 2924 126 2965 e
141 2901 232 2985 noy,
250 2921 278 2963 c.
296 2922 325 2964 a.
344 2909 451 2983 1500).
465 2938 492 2947 -

129 3007 159 3058 40
171 3007 240 3059 min.
252 3004 333 3072 goth.
344 3036 370 3043 -
379 3004 518 3075 (Gracsse
531 3005 581 3060 VI.
595 3022 620 3058 a.
633 3002 692 3059 363.
702 3034 729 3043 -
738 3003 886 3059 Peronnds
899 3003 922 3057 Ι.
938 3003 1042 3074 164.)-

131 3145 206 3214 247.
224 3186 265 3193 —
289 3147 469 3230 (Hymnus
492 3146 632 3227 occidam,
655 3146 731 3226 pall.
750 3146 806 3226 -l
830 3144 881 3229 (ry
906 3148 1146 3208 commencent
1171 3142 1221 3206 les
1247 3149 1325 3228 sept

79 3234 271 3332 pseaulmes
284 3240 363 3307 (etc.
374 3232 442 3297 vid.
453 3233 495 3298 N.
504 3232 593 3317 245).
606 3231 696 3296 Add.
708 3238 730 3293 8
744 3254 813 3297 ocra
829 3232 867 3295 de
884 3231 930 3295 St.
941 3230 1091 3295 Beruurd
1100 3230 1180 3317 (etc.
1194 3228 1325 3294 Iterum

79 3344 232 3407 impress.
247 3312 403 3385 Viennae
419 3320 455 3384 in
471 3319 575 3403 Gall.)
589 3341 652 3404 par
667 3319 806 3383 maistre
822 3317 939 3382 Pierre
956 3316 1126 3381 Schenck.
1142 3355 1167 3364 -

130 3428 167 3480 4⁰.
181 3424 255 3479 2411.
268 3424 301 3478 24
316 3423 345 3479 11.
360 3423 403 3477 ch.
416 3423 497 3492 goth.
511 3424 575 3477 sine
588 3421 650 3476 ulla
662 3427 741 3477 nota.
751 3453 776 3462 -
785 3421 925 3492 (Graesse
934 3420 985 3476 VI.
999 3438 1023 3475 a.
1034 3420 1093 3473 363.
1103 3450 1130 3460 -
1140 3418 1289 3474 Perennes
1301 3417 1325 3475 I.

82 3515 148 3579 164).
159 3545 185 3554 -

131 3654 257 3723 218.—
269 3656 398 3724 Modus
413 3653 504 3720 bene
518 3650 667 3720 vivendi
685 3648 722 3713 in
743 3648 966 3714 christianam
985 3646 1190 3732 religionem
1211 3648 1254 3710 ad
1271 3668 1326 3713 so·

80 3766 207 3901 Γ0111121111.
225 3846 268 3901 ch.
281 3846 362 3915 goth.
379 3847 443 3899 sine
461 3850 540 3897 nota.
557 3842 699 3913 (Parisiis,
715 3840 799 3896 Felix
815 3838 983 3909 Balligault,
999 3854 1022 3893 c.
1041 3837 1115 3891 1500.
1125 3836 1327 3893 -Rosenthal

81 3936 172 3994 Catel.
185 3937 228 3990 49.
240 3934 274 3989 N.
288 3936 359 4004 ool).
370 3963 395 3974 -

133 4078 208 4147 249.
220 4118 261 4125 -
274 4080 338 4154 (Dc
348 4079 549 4159 Praecepto
561 4077 600 4140 et
611 4073 903 4157 Dispensationc.
914 4078 970 4151 -j
987 4064 1187 4133 Consolatio
1201 4086 1327 4162 magna

80 4166 321 4251 religiosorum
341 4163 455 4227 bonae
471 4159 661 4225 voluntatis
678 4182 720 4223 ex
739 4157 904 4240 „Rosario
921 4176 1118 4220 sermonum
1134 4151 1326 4240 predicabi-

81 4256 185 4321 tium“
204 4250 413 4319 Bemardini
431 4250 476 4312 du
492 4246 611 4313 Bustis
628 4248 701 4311 ord.
717 4246 801 4310 Min.
818 4244 925 4329 (quod
943 4240 1120 4327 „Uenetiie
1143 4263 1206 4327 per
1220 4239 1327 4337 Geor·

81 4344 175 4429 gium
199 4336 425 4406 Arriuabenis
449 4335 513 4399 sub
538 4356 627 4399 anno
655 4344 747 4399 1498.
770 4332 883 4420 pridie
906 4329 1072 4395 kalendas
1095 4326 1239 4393 Junias“
1264 4347 1327 4426 nn·

82 4452 236 4519 pressum
250 4436 311 4493 est.
325 4425 448 4490 Eidem
463 4423 640 4506 adhaeret)
653 4422 685 4486 S.
700 4422 866 4486 Bernordi
882 4421 974 4485 liic-ra
990 4419 1028 4482 dc
1036 4421 1204 4499 praecepio
1219 4420 1248 4480 et
1262 4414 1327 4479 dre·

80 4520 264 4602 peractione
279 4520 359 4593 (etc.
375 4513 624 4595 Fragmentum
638 4508 717 4573 libri
734 4507 898 4594 majoris).
913 4545 939 4553 -

133 4620 278 4676 91122711.
293 4618 336 4672 ch.
349 4617 430 4687 goth.
444 4633 510 4669 cum
524 4616 597 4685 sign.
614 4613 814 4684 incompletis;
830 4630 853 4665 c.
869 4612 943 4665 lton
953 4607 1153 4662 -Rosenthal
1168 4606 1270 4663 Catali.
1285 4602 1327 4657 49.

82 4708 115 4765 N.
132 4709 214 4771 57963
228 4708 270 4761 60.
283 4707 318 4761 N.
332 4708 384 4772 ot).
395 4736 421 4743 -

1138 4796 1172 4851 5*
